{"play_id":"c81cc6e2-0bb4-4c9e-8ba2-4ccb9afc5337","build_version":"2020-01-27","seed_played":"455449872583744585","chose_seed":false,"seed_source_timestamp":0,"is_daily":false,"special_seed":0,"is_trial":false,"is_endless":false,"is_ascension_mode":true,"ascension_level":3,"neow_bonus":"RANDOM_COMMON_RELIC","neow_cost":"NONE","is_beta":false,"is_prod":false,"victory":false,"floor_reached":30,"score":299,"timestamp":1728579876,"local_time":"10/10/2024 17:04:36","playtime":1336,"player_experience":75687,"master_deck":["Strike_B","Strike_B","Strike_B","Strike_B","Defend_B","Defend_B","Defend_B","Defend_B","Zap","Dualcast","White Noise","Leap","Dramatic Entrance","Auto Shields","Hello World","Lockon","Cold Snap","Defragment","Machine Learning","Conserve Battery+1","Clumsy","Ball Lightning","Auto Shields+1","Shame","Reprogram"],"relics":["Cracked Core","Toy Ornithopter","Meat on the Bone","Letter Opener","Kunai","Cursed Key","Centennial Puzzle","Darkstone Periapt","Potion Belt"],"gold":515,"campfire_rested":5,"campfire_upgraded":0,"purchased_purges":0,"potions_floor_spawned":[1,5,10,13,14,24,28],"potions_floor_usage":[30,30],"current_hp_per_floor":[67,65,65,54,53,75,53,53,53,50,72,72,47,49,71,41,75,66,66,66,66,50,72,35,57,63,52,30,15,0],"max_hp_per_floor":[75,75,75,75,75,75,75,75,75,75,75,75,75,75,75,75,75,75,75,75,75,75,75,75,75,81,81,81,86,86],"gold_per_floor":[109,119,25,100,116,116,150,162,162,177,177,177,208,225,225,320,320,332,247,247,447,459,459,488,488,488,498,515,515,515],"path_per_floor":["M","M","$","?","M","R","E","M","T","M","R","?","E","M","R","B","ul","M","?","T","?","M","R","E","R","T","M","M","?","E"],"path_taken":["M","M","$","?","M","R","E","M","T","M","R","?","E","?","R","BOSS","M","?","?","?","?","R","E","R","T","?","M","?","E"],"items_purchased":["Dramatic Entrance"],"item_purchase_floors":[3],"items_purged":[],"items_purged_floors":[],"character_chosen":"DEFECT","card_choices":[{"picked":"White Noise","not_picked":["Redo","Rebound"],"floor":1},{"picked":"Leap","not_picked":["Barrage","Coolheaded"],"floor":2},{"picked":"Auto Shields","not_picked":["Chaos","Skim"],"floor":5},{"picked":"Hello World","not_picked":["Cold Snap","Reinforced Body"],"floor":7},{"picked":"Lockon","not_picked":["Glacier","Doom and Gloom"],"floor":8},{"picked":"Cold Snap","not_picked":["Compile Driver","Skim"],"floor":10},{"picked":"Defragment","not_picked":["Gash","Hologram"],"floor":13},{"picked":"SKIP","not_picked":["Chill","Gash","Coolheaded"],"floor":14},{"picked":"Machine Learning","not_picked":["Reboot","Core Surge"],"floor":16},{"picked":"Conserve Battery+1","not_picked":["Compile Driver","Force Field"],"floor":18},{"picked":"Ball Lightning","not_picked":["Doom and Gloom+1","Leap"],"floor":22},{"picked":"Auto Shields+1","not_picked":["Undo","Redo"],"floor":24},{"picked":"SKIP","not_picked":["Ball Lightning","Hello World","Coolheaded"],"floor":27},{"picked":"Reprogram","not_picked":["Cold Snap+1","Storm"],"floor":28}],"event_choices":[{"event_name":"World of Goop","player_choice":"Gather Gold","floor":4,"cards_obtained":null,"cards_removed":null,"cards_transformed":null,"cards_upgraded":null,"relics_obtained":null,"potions_obtained":null,"relics_lost":null,"damage_taken":11,"damage_healed":0,"max_hp_loss":0,"max_hp_gain":0,"gold_gain":75,"gold_loss":0},{"event_name":"The Woman in Blue","player_choice":"Bought 0 Potions","floor":12,"cards_obtained":null,"cards_removed":null,"cards_transformed":null,"cards_upgraded":null,"relics_obtained":null,"potions_obtained":null,"relics_lost":null,"damage_taken":0,"damage_healed":0,"max_hp_loss":0,"max_hp_gain":0,"gold_gain":0,"gold_loss":0},{"event_name":"Addict","player_choice":"Obtained Relic","floor":19,"cards_obtained":null,"cards_removed":null,"cards_transformed":null,"cards_upgraded":null,"relics_obtained":["Centennial Puzzle"],"potions_obtained":null,"relics_lost":null,"damage_taken":0,"damage_healed":0,"max_hp_loss":0,"max_hp_gain":0,"gold_gain":0,"gold_loss":85},{"event_name":"Wheel of Change","player_choice":"Gold","floor":21,"cards_obtained":null,"cards_removed":null,"cards_transformed":null,"cards_upgraded":null,"relics_obtained":null,"potions_obtained":null,"relics_lost":null,"damage_taken":0,"damage_healed":0,"max_hp_loss":0,"max_hp_gain":0,"gold_gain":200,"gold_loss":0},{"event_name":"Forgotten Altar","player_choice":"Shed Blood","floor":29,"cards_obtained":null,"cards_removed":null,"cards_transformed":null,"cards_upgraded":null,"relics_obtained":null,"potions_obtained":null,"relics_lost":null,"damage_taken":20,"damage_healed":0,"max_hp_loss":0,"max_hp_gain":5,"gold_gain":0,"gold_loss":0}],"boss_relics":[{"picked":"Cursed Key","not_picked":["Snecko Eye","Empty Cage"]}],"damage_taken":[{"floor":1,"enemies":"2 Louse","damage":8,"turns":2},{"floor":2,"enemies":"Jaw Worm","damage":2,"turns":3},{"floor":5,"enemies":"Cultist","damage":1,"turns":3},{"floor":7,"enemies":"3 Sentries","damage":22,"turns":8},{"floor":8,"enemies":"2 Fungi Beasts","damage":0,"turns":3},{"floor":10,"enemies":"Exordium Wildlife","damage":3,"turns":4},{"floor":13,"enemies":"Gremlin Nob","damage":28,"turns":4},{"floor":14,"enemies":"Large Slime","damage":10,"turns":6},{"floor":16,"enemies":"Hexaghost","damage":34,"turns":9},{"floor":18,"enemies":"Spheric Guardian","damage":9,"turns":4},{"floor":22,"enemies":"Shell Parasite","damage":16,"turns":4},{"floor":24,"enemies":"Slavers","damage":49,"turns":6},{"floor":27,"enemies":"Snecko","damage":23,"turns":5},{"floor":28,"enemies":"Snake Plant","damage":34,"turns":5},{"floor":30,"enemies":"Book of Stabbing","damage":28,"turns":4}],"potions_obtained":[{"key":"SpeedPotion","floor":1},{"key":"GamblersBrew","floor":5},{"key":"FocusPotion","floor":10},{"key":"PotionOfCapacity","floor":13},{"key":"ColorlessPotion","floor":24},{"key":"SteroidPotion","floor":28}],"relics_obtained":[{"key":"Meat on the Bone","floor":7},{"key":"Letter Opener","floor":9},{"key":"Kunai","floor":13},{"key":"Darkstone Periapt","floor":24},{"key":"Potion Belt","floor":26}],"campfire_choices":[{"floor":6,"key":"REST"},{"floor":11,"key":"REST"},{"floor":15,"key":"REST"},{"floor":23,"key":"REST"},{"floor":25,"key":"REST"}],"circlet_count":0,"win_rate":0,"killed_by":"Book of Stabbing"}