{"play_id":"3a608f2c-73f6-462d-b99e-15cdda3c1931","build_version":"2020-01-27","seed_played":"-4196983336725476903","chose_seed":false,"seed_source_timestamp":1692707637775,"is_daily":false,"special_seed":null,"is_trial":false,"is_endless":false,"is_ascension_mode":true,"ascension_level":5,"neow_bonus":"BOSS_RELIC","neow_cost":"NONE","is_beta":false,"is_prod":false,"victory":false,"floor_reached":28,"score":335,"timestamp":1758962885,"local_time":"09/27/2025 08:48:05","playtime":1165,"player_experience":142173,"master_deck":["Strike_B","Strike_B","Strike_B","Defend_B","Defend_B","Defend_B+1","Defend_B","Zap","Dualcast","Auto Shields+1","Heatsinks","Chaos","Rebound","Melter","Storm+1","Electrodynamics","Static Discharge","Static Discharge","Streamline+1","Redo","Writhe"],"relics":["Ectoplasm","TungstenRod","Cables","Sundial","Mango","Black Star","Pocketwatch","Smiling Mask","Pear","Kunai"],"gold":99,"campfire_rested":3,"campfire_upgraded":1,"purchased_purges":0,"potions_floor_spawned":[1,4,11,12,13,16,19,22],"potions_floor_usage":[6,14,21,24,28],"current_hp_per_floor":[68,68,53,49,49,26,48,48,48,70,67,59,50,58,58,41,77,77,64,54,52,37,63,51,61,61,61,0],"max_hp_per_floor":[75,75,75,75,75,75,75,75,75,75,75,75,75,89,89,89,89,89,89,89,89,89,89,89,99,99,99,99],"gold_per_floor":[99,99,99,99,99,99,99,99,99,99,99,99,99,99,99,99,99,99,99,99,99,99,99,99,99,99,99,99],"path_per_floor":["M","?","?","M","?","E","R","M","T","R","M","M","?","E","R","B",null,"M","M","?","M","M","R","E","?","T","?","?"],"path_taken":["M","?","?","M","?","E","R","M","T","R","?","M","?","E","R","BOSS","M","M","?","M","?","R","E","?","T","?","?"],"items_purchased":[],"item_purchase_floors":[],"items_purged":[],"items_purged_floors":[],"character_chosen":"DEFECT","card_choices":[{"picked":"Auto Shields","not_picked":["Sweeping Beam","Double Energy"],"floor":1},{"picked":"SKIP","not_picked":["Skim","Barrage","Conserve Battery"],"floor":4},{"picked":"Heatsinks","not_picked":["Reinforced Body","FTL"],"floor":6},{"picked":"Chaos","not_picked":["Redo","Go for the Eyes"],"floor":8},{"picked":"SKIP","not_picked":["Turbo","Double Energy","Auto Shields"],"floor":11},{"picked":"Rebound","not_picked":["Streamline","Seek"],"floor":12},{"picked":"Melter","not_picked":["Chill","Sweeping Beam"],"floor":13},{"picked":"Storm","not_picked":["Reprogram","Go for the Eyes"],"floor":14},{"picked":"Electrodynamics","not_picked":["Reboot","All For One"],"floor":16},{"picked":"Static Discharge","not_picked":["Beam Cell","Go for the Eyes+1"],"floor":18},{"picked":"Static Discharge","not_picked":["Barrage","Gash+1"],"floor":19},{"picked":"Streamline+1","not_picked":["Go for the Eyes","Hello World"],"floor":21},{"picked":"Redo","not_picked":["Hyperbeam","Leap"],"floor":22},{"picked":"SKIP","not_picked":["Conserve Battery","Rebound","Electrodynamics"],"floor":24}],"event_choices":[{"event_name":"Liars Game","player_choice":"Ignored","floor":2,"cards_obtained":null,"cards_removed":null,"cards_transformed":null,"cards_upgraded":null,"relics_obtained":null,"potions_obtained":null,"relics_lost":null,"damage_taken":0,"damage_healed":0,"max_hp_loss":0,"max_hp_gain":0,"gold_gain":0,"gold_loss":0},{"event_name":"Shining Light","player_choice":"Entered Light","floor":3,"cards_obtained":null,"cards_removed":null,"cards_transformed":null,"cards_upgraded":["Defend_B","Auto Shields"],"relics_obtained":null,"potions_obtained":null,"relics_lost":null,"damage_taken":15,"damage_healed":0,"max_hp_loss":0,"max_hp_gain":0,"gold_gain":0,"gold_loss":0},{"event_name":"Purifier","player_choice":"Purged","floor":5,"cards_obtained":null,"cards_removed":["Strike_B"],"cards_transformed":null,"cards_upgraded":null,"relics_obtained":null,"potions_obtained":null,"relics_lost":null,"damage_taken":0,"damage_healed":0,"max_hp_loss":0,"max_hp_gain":0,"gold_gain":0,"gold_loss":0},{"event_name":"Dead Adventurer","player_choice":"Searched '2' times","floor":13,"cards_obtained":null,"cards_removed":null,"cards_transformed":null,"cards_upgraded":null,"relics_obtained":null,"potions_obtained":null,"relics_lost":null,"damage_taken":0,"damage_healed":0,"max_hp_loss":0,"max_hp_gain":0,"gold_gain":0,"gold_loss":0},{"event_name":"Knowing Skull","player_choice":"GOLD ","floor":20,"cards_obtained":[],"cards_removed":null,"cards_transformed":null,"cards_upgraded":null,"relics_obtained":null,"potions_obtained":[],"relics_lost":null,"damage_taken":12,"damage_healed":0,"max_hp_loss":0,"max_hp_gain":0,"gold_gain":90,"gold_loss":0},{"event_name":"The Mausoleum","player_choice":"Opened","floor":25,"cards_obtained":["Writhe"],"cards_removed":null,"cards_transformed":null,"cards_upgraded":null,"relics_obtained":["Pear"],"potions_obtained":null,"relics_lost":null,"damage_taken":0,"damage_healed":0,"max_hp_loss":0,"max_hp_gain":0,"gold_gain":0,"gold_loss":0},{"event_name":"Vampires","player_choice":"Ignored","floor":27,"cards_obtained":null,"cards_removed":null,"cards_transformed":null,"cards_upgraded":null,"relics_obtained":null,"potions_obtained":null,"relics_lost":null,"damage_taken":0,"damage_healed":0,"max_hp_loss":0,"max_hp_gain":0,"gold_gain":0,"gold_loss":0},{"event_name":"Colosseum","player_choice":"Fight","floor":28,"cards_obtained":null,"cards_removed":null,"cards_transformed":null,"cards_upgraded":null,"relics_obtained":null,"potions_obtained":null,"relics_lost":null,"damage_taken":0,"damage_healed":0,"max_hp_loss":0,"max_hp_gain":0,"gold_gain":0,"gold_loss":0},{"event_name":"Colosseum","player_choice":"Fought Nobs","floor":28,"cards_obtained":null,"cards_removed":null,"cards_transformed":null,"cards_upgraded":null,"relics_obtained":null,"potions_obtained":null,"relics_lost":null,"damage_taken":0,"damage_healed":0,"max_hp_loss":0,"max_hp_gain":0,"gold_gain":0,"gold_loss":0}],"boss_relics":[{"picked":"Black Star","not_picked":["Fusion Hammer","Philosopher's Stone"]}],"damage_taken":[{"floor":1,"enemies":"Jaw Worm","damage":7,"turns":3},{"floor":4,"enemies":"2 Louse","damage":4,"turns":3},{"floor":6,"enemies":"Gremlin Nob","damage":23,"turns":5},{"floor":8,"enemies":"Cultist","damage":0,"turns":5},{"floor":11,"enemies":"Large Slime","damage":3,"turns":7},{"floor":12,"enemies":"Lots of Slimes","damage":8,"turns":4},{"floor":13,"enemies":"Lagavulin Event","damage":9,"turns":4},{"floor":14,"enemies":"3 Sentries","damage":6,"turns":11},{"floor":16,"enemies":"The Guardian","damage":17,"turns":14},{"floor":18,"enemies":"Spheric Guardian","damage":0,"turns":3},{"floor":19,"enemies":"Shell Parasite","damage":13,"turns":4},{"floor":21,"enemies":"Sentry and Sphere","damage":11,"turns":3},{"floor":22,"enemies":"Snecko","damage":15,"turns":5},{"floor":24,"enemies":"Gremlin Leader","damage":12,"turns":6},{"floor":28,"enemies":"Colosseum Slavers","damage":40,"turns":4},{"floor":28,"enemies":"Colosseum Nobs","damage":40,"turns":3}],"potions_obtained":[{"key":"DistilledChaos","floor":1},{"key":"SmokeBomb","floor":4},{"key":"LiquidBronze","floor":11},{"key":"Strength Potion","floor":12},{"key":"ColorlessPotion","floor":13},{"key":"Swift Potion","floor":16},{"key":"Regen Potion","floor":19},{"key":"SneckoOil","floor":22}],"relics_obtained":[{"key":"TungstenRod","floor":6},{"key":"Cables","floor":9},{"key":"Sundial","floor":13},{"key":"Mango","floor":14},{"key":"Pocketwatch","floor":24},{"key":"Smiling Mask","floor":24},{"key":"Kunai","floor":26}],"campfire_choices":[{"floor":7,"key":"REST"},{"floor":10,"key":"REST"},{"floor":15,"key":"SMITH","data":"Storm"},{"floor":23,"key":"REST"}],"circlet_count":0,"win_rate":0,"killed_by":"Colosseum Nobs"}