{"play_id":"070192f3-ee57-4fc1-b1e4-360240156312","build_version":"2020-01-27","seed_played":"-7703323636044995493","chose_seed":false,"seed_source_timestamp":2543143830115,"is_daily":false,"special_seed":null,"is_trial":false,"is_endless":false,"is_ascension_mode":true,"ascension_level":1,"neow_bonus":"THREE_ENEMY_KILL","neow_cost":"NONE","is_beta":false,"is_prod":false,"victory":false,"floor_reached":24,"score":243,"timestamp":1729423416,"local_time":"10/20/2024 11:23:36","playtime":1015,"player_experience":85394,"master_deck":["Defend_P","Defend_P","Defend_P","Eruption","Vigilance","EmptyFist","Crescendo","Indignation","Collect","Prostrate","ReachHeaven","BattleHymn","EmptyBody","CrushJoints","Halt","Devotion","CurseOfTheBell","Wallop","Necronomicurse","Bite","Bite","Bite","Bite","Bite","FlyingSleeves"],"relics":["PureWater","NeowsBlessing","Blue Candle","MealTicket","Dream Catcher","Calling Bell","Boot","Singing Bowl","Girya","Necronomicon"],"gold":307,"campfire_rested":2,"campfire_upgraded":0,"purchased_purges":0,"potions_floor_spawned":[1,4,5,8,12,16],"potions_floor_usage":[6,6,13,16,16,16,18,24],"current_hp_per_floor":[72,72,77,77,77,37,23,16,16,10,29,21,14,2,25,22,77,28,12,12,12,12,27,0],"max_hp_per_floor":[72,72,77,77,77,77,77,77,77,77,77,77,77,77,77,77,77,77,77,77,74,51,51,51],"gold_per_floor":[113,63,63,76,95,130,145,164,188,200,200,220,248,268,268,367,367,382,382,382,307,307,307,307],"path_per_floor":["M","?","?","M","M","E","M","M","T","M","?","M","E","M","R","B",null,"M","?","?","?","?","R","E"],"path_taken":["M","?","?","?","M","E","M","M","T","M","?","M","E","M","R","BOSS","M","?","?","?","?","R","E"],"items_purchased":[],"item_purchase_floors":[],"items_purged":[],"items_purged_floors":[],"character_chosen":"WATCHER","card_choices":[{"picked":"EmptyFist","not_picked":["CrushJoints","Evaluate"],"floor":1},{"picked":"Crescendo","not_picked":["ClearTheMind","EmptyBody"],"floor":4},{"picked":"Indignation","not_picked":["CrushJoints","WheelKick"],"floor":5},{"picked":"Collect","not_picked":["EmptyFist","BowlingBash"],"floor":6},{"picked":"Prostrate","not_picked":["Sanctity","FlyingSleeves"],"floor":7},{"picked":"SKIP","not_picked":["Prostrate","EmptyFist","CarveReality"],"floor":8},{"picked":"ReachHeaven","not_picked":["Consecrate","EmptyFist"],"floor":10},{"picked":"BattleHymn","not_picked":["Crescendo","Consecrate"],"floor":12},{"picked":"EmptyBody","not_picked":["Adaptation","WreathOfFlame"],"floor":13},{"picked":"CrushJoints","not_picked":["Brilliance","Evaluate"],"floor":14},{"picked":"Halt","not_picked":["CarveReality","LikeWater"],"floor":15},{"picked":"Devotion","not_picked":["Brilliance","Blasphemy"],"floor":16},{"picked":"Wallop","not_picked":["PathToVictory+1","Prostrate"],"floor":18},{"picked":"FlyingSleeves","not_picked":["Protect","Collect"],"floor":23}],"event_choices":[{"event_name":"The Cleric","player_choice":"Card Removal","floor":2,"cards_obtained":null,"cards_removed":["Strike_P"],"cards_transformed":null,"cards_upgraded":null,"relics_obtained":null,"potions_obtained":null,"relics_lost":null,"damage_taken":0,"damage_healed":0,"max_hp_loss":0,"max_hp_gain":0,"gold_gain":0,"gold_loss":50},{"event_name":"Big Fish","player_choice":"Donut","floor":3,"cards_obtained":null,"cards_removed":null,"cards_transformed":null,"cards_upgraded":null,"relics_obtained":null,"potions_obtained":null,"relics_lost":null,"damage_taken":0,"damage_healed":0,"max_hp_loss":0,"max_hp_gain":5,"gold_gain":0,"gold_loss":0},{"event_name":"Mushrooms","player_choice":"Healed and dodged fight","floor":11,"cards_obtained":["Parasite"],"cards_removed":null,"cards_transformed":null,"cards_upgraded":null,"relics_obtained":null,"potions_obtained":null,"relics_lost":null,"damage_taken":0,"damage_healed":19,"max_hp_loss":0,"max_hp_gain":0,"gold_gain":0,"gold_loss":0},{"event_name":"Cursed Tome","player_choice":"Obtained Book","floor":19,"cards_obtained":null,"cards_removed":null,"cards_transformed":null,"cards_upgraded":null,"relics_obtained":null,"potions_obtained":null,"relics_lost":null,"damage_taken":16,"damage_healed":0,"max_hp_loss":0,"max_hp_gain":0,"gold_gain":0,"gold_loss":0},{"event_name":"Back to Basics","player_choice":"Elegance","floor":20,"cards_obtained":null,"cards_removed":["Defend_P"],"cards_transformed":null,"cards_upgraded":null,"relics_obtained":null,"potions_obtained":null,"relics_lost":null,"damage_taken":0,"damage_healed":0,"max_hp_loss":0,"max_hp_gain":0,"gold_gain":0,"gold_loss":0},{"event_name":"Beggar","player_choice":"Gave Gold","floor":21,"cards_obtained":null,"cards_removed":["Parasite"],"cards_transformed":null,"cards_upgraded":null,"relics_obtained":null,"potions_obtained":null,"relics_lost":null,"damage_taken":0,"damage_healed":0,"max_hp_loss":0,"max_hp_gain":0,"gold_gain":0,"gold_loss":75},{"event_name":"Vampires","player_choice":"Became a vampire","floor":22,"cards_obtained":["Bite","Bite","Bite","Bite","Bite"],"cards_removed":null,"cards_transformed":null,"cards_upgraded":null,"relics_obtained":null,"potions_obtained":null,"relics_lost":null,"damage_taken":0,"damage_healed":0,"max_hp_loss":23,"max_hp_gain":0,"gold_gain":0,"gold_loss":0}],"boss_relics":[{"picked":"Calling Bell","not_picked":["Coffee Dripper","Sozu"]}],"damage_taken":[{"floor":1,"enemies":"Small Slimes","damage":0,"turns":1},{"floor":4,"enemies":"Jaw Worm","damage":0,"turns":1},{"floor":5,"enemies":"2 Louse","damage":0,"turns":1},{"floor":6,"enemies":"3 Sentries","damage":40,"turns":10},{"floor":7,"enemies":"Exordium Thugs","damage":14,"turns":5},{"floor":8,"enemies":"Blue Slaver","damage":7,"turns":2},{"floor":10,"enemies":"Looter","damage":6,"turns":3},{"floor":12,"enemies":"2 Fungi Beasts","damage":8,"turns":4},{"floor":13,"enemies":"Gremlin Nob","damage":7,"turns":3},{"floor":14,"enemies":"Blue Slaver","damage":12,"turns":3},{"floor":16,"enemies":"Hexaghost","damage":3,"turns":6},{"floor":18,"enemies":"3 Byrds","damage":49,"turns":6},{"floor":24,"enemies":"Slavers","damage":38,"turns":2}],"potions_obtained":[{"key":"SmokeBomb","floor":1},{"key":"Swift Potion","floor":4},{"key":"PowerPotion","floor":5},{"key":"SneckoOil","floor":8},{"key":"EntropicBrew","floor":12},{"key":"Fire Potion","floor":16}],"relics_obtained":[{"key":"Blue Candle","floor":6},{"key":"MealTicket","floor":9},{"key":"Dream Catcher","floor":13},{"key":"Boot","floor":17},{"key":"Singing Bowl","floor":17},{"key":"Girya","floor":17},{"key":"Necronomicon","floor":19}],"campfire_choices":[{"floor":15,"key":"REST"},{"floor":23,"key":"REST"}],"circlet_count":0,"win_rate":0,"killed_by":"Slavers"}