{"gold_per_floor":[111,111,125,28,28,58,58,84,109,109,109,141,166,241,241,241],"floor_reached":16,"playtime":468,"items_purged":["Defend_P"],"score":153,"play_id":"b352fa18-97fa-4db2-b591-a523e4f769d0","local_time":"11/01/2024 09:20:06","is_ascension_mode":true,"campfire_choices":[{"data":"Eruption","floor":7,"key":"SMITH"},{"data":"Consecrate","floor":10,"key":"SMITH"},{"floor":15,"key":"REST"}],"neow_cost":"NONE","seed_source_timestamp":1114636559082800,"circlet_count":0,"master_deck":["Strike_P","Strike_P","Strike_P","Defend_P","Defend_P","Eruption+1","Vigilance","Weave","WaveOfTheHand","JustLucky","Swivel","Perseverance","Consecrate+1","Prostrate","MentalFortress"],"relics":["PureWater","NeowsBlessing","Lantern","Oddly Smooth Stone","CeramicFish","Golden Idol"],"potions_floor_usage":[8,16],"damage_taken":[{"damage":0,"enemies":"2 Louse","floor":1,"turns":1},{"damage":0,"enemies":"Cultist","floor":3,"turns":1},{"damage":0,"enemies":"Gremlin Nob","floor":6,"turns":1},{"damage":31,"enemies":"3 Sentries","floor":8,"turns":6},{"damage":0,"enemies":"Small Slimes","floor":12,"turns":2},{"damage":7,"enemies":"Looter","floor":13,"turns":2},{"damage":52,"enemies":"Slime Boss","floor":16,"turns":6}],"seed_played":"8022969860226958555","potions_obtained":[{"floor":3,"key":"PowerPotion"},{"floor":6,"key":"FearPotion"},{"floor":12,"key":"Block Potion"}],"is_trial":false,"path_per_floor":["M","?","M","$","?","E","R","E","T","R","?","M","M","?","R","B"],"character_chosen":"WATCHER","basemod:card_modifiers":[null,null,null,null,null,null,null,null,null,null,null,null,null,null,null],"items_purchased":["JustLucky"],"campfire_rested":1,"item_purchase_floors":[4],"current_hp_per_floor":[72,72,72,72,72,72,72,41,41,41,41,41,34,23,43,0],"gold":241,"neow_bonus":"THREE_ENEMY_KILL","is_prod":false,"is_daily":false,"chose_seed":false,"campfire_upgraded":2,"win_rate":0,"timestamp":1730449206,"path_taken":["M","?","?","?","?","E","R","E","T","R","?","M","M","?","R","BOSS"],"build_version":"2022-12-18","purchased_purges":1,"victory":false,"max_hp_per_floor":[72,72,72,72,72,72,72,72,72,72,67,67,67,67,67,67],"card_choices":[{"not_picked":["PathToVictory","EmptyFist"],"picked":"Weave","floor":1},{"not_picked":["EmptyBody","BowlingBash"],"picked":"WaveOfTheHand","floor":3},{"not_picked":["Halt","Meditate"],"picked":"Perseverance","floor":6},{"not_picked":["BowlingBash","LikeWater"],"picked":"Consecrate","floor":8},{"not_picked":["Halt","EmptyBody"],"picked":"Prostrate","floor":12},{"not_picked":["Crescendo","Protect"],"picked":"MentalFortress","floor":13}],"player_experience":96530,"relics_obtained":[{"floor":6,"key":"Lantern"},{"floor":8,"key":"Oddly Smooth Stone"},{"floor":9,"key":"CeramicFish"}],"event_choices":[{"cards_removed":["Defend_P"],"damage_healed":0,"gold_gain":0,"player_choice":"Offered Basic","damage_taken":0,"max_hp_gain":0,"max_hp_loss":0,"event_name":"Bonfire Elementals","floor":2,"gold_loss":0},{"damage_healed":0,"gold_gain":0,"cards_transformed":["Strike_P"],"player_choice":"Change","damage_taken":0,"max_hp_gain":0,"max_hp_loss":0,"event_name":"Living Wall","floor":5,"gold_loss":0,"cards_obtained":["Swivel"]},{"damage_healed":0,"gold_gain":0,"player_choice":"Lose Max HP","damage_taken":0,"relics_obtained":["Golden Idol"],"max_hp_gain":0,"max_hp_loss":5,"event_name":"Golden Idol","floor":11,"gold_loss":0},{"damage_healed":0,"gold_gain":75,"player_choice":"Gather Gold","damage_taken":11,"max_hp_gain":0,"max_hp_loss":0,"event_name":"World of Goop","floor":14,"gold_loss":0}],"is_beta":false,"boss_relics":[],"items_purged_floors":[4],"is_endless":false,"potions_floor_spawned":[3,6,12],"killed_by":"Slime Boss","ascension_level":3}