{"gold_per_floor":[113,126,126,188,199,234,248,248,297,332,332],"floor_reached":11,"playtime":486,"items_purged":[],"score":98,"play_id":"93e1726a-4401-4369-a4d7-33c96dd0472d","local_time":"11/01/2024 08:57:40","is_ascension_mode":true,"campfire_choices":[{"floor":8,"key":"REST"}],"neow_cost":"NONE","seed_source_timestamp":1113271766563100,"circlet_count":0,"master_deck":["Strike_P","Strike_P","Strike_P","Strike_P","Defend_P","Defend_P","Defend_P","Defend_P","Eruption","Vigilance","ConjureBlade","EmptyFist","CutThroughFate","FollowUp","TalkToTheHand","Halt","Protect"],"relics":["PureWater","SsserpentHead","Art of War","Bronze Scales","Shuriken"],"potions_floor_usage":[6,11],"damage_taken":[{"damage":11,"enemies":"Jaw Worm","floor":1,"turns":5},{"damage":5,"enemies":"Cultist","floor":2,"turns":4},{"damage":2,"enemies":"Small Slimes","floor":4,"turns":3},{"damage":13,"enemies":"Blue Slaver","floor":5,"turns":3},{"damage":26,"enemies":"Lagavulin","floor":6,"turns":7},{"damage":6,"enemies":"Looter","floor":7,"turns":3},{"damage":10,"enemies":"Gremlin Nob","floor":10,"turns":3},{"damage":35,"enemies":"Lots of Slimes","floor":11,"turns":2}],"seed_played":"-8050129525873577053","potions_obtained":[{"floor":4,"key":"Dexterity Potion"},{"floor":6,"key":"Weak Potion"},{"floor":10,"key":"Regen Potion"}],"is_trial":false,"path_per_floor":["M","M","?","M","M","E","M","R","T","E","M"],"character_chosen":"WATCHER","basemod:card_modifiers":[null,null,null,null,null,null,null,null,null,null,null,null,null,null,null,null,null],"items_purchased":[],"campfire_rested":1,"item_purchase_floors":[],"current_hp_per_floor":[61,56,56,54,41,15,9,30,30,20,0],"gold":332,"neow_bonus":"ONE_RANDOM_RARE_CARD","is_prod":false,"is_daily":false,"chose_seed":false,"campfire_upgraded":0,"win_rate":0,"timestamp":1730447860,"path_taken":["M","M","?","?","M","E","M","R","T","E","M"],"build_version":"2022-12-18","purchased_purges":0,"victory":false,"max_hp_per_floor":[72,72,72,72,72,72,72,72,72,72,72],"card_choices":[{"not_picked":["Evaluate","CutThroughFate"],"picked":"EmptyFist","floor":1},{"not_picked":["SignatureMove","BowlingBash"],"picked":"CutThroughFate","floor":2},{"not_picked":["EmptyBody","Consecrate"],"picked":"FollowUp","floor":4},{"not_picked":["FlyingSleeves","BowlingBash"],"picked":"TalkToTheHand","floor":5},{"not_picked":["BowlingBash","CrushJoints"],"picked":"Halt","floor":6},{"not_picked":["EmptyFist","EmptyMind"],"picked":"Protect","floor":7},{"not_picked":["Fasting2","FollowUp","FearNoEvil"],"picked":"SKIP","floor":10}],"player_experience":96044,"relics_obtained":[{"floor":6,"key":"Art of War"},{"floor":9,"key":"Bronze Scales"},{"floor":10,"key":"Shuriken"}],"event_choices":[{"damage_healed":0,"gold_gain":0,"player_choice":"Trade","damage_taken":0,"relics_obtained":["SsserpentHead"],"max_hp_gain":0,"max_hp_loss":0,"event_name":"FaceTrader","floor":3,"gold_loss":0}],"is_beta":false,"boss_relics":[],"items_purged_floors":[],"is_endless":false,"potions_floor_spawned":[4,6,10],"killed_by":"Lots of Slimes","ascension_level":3}