{"play_id":"cc4bcc7a-bd39-40d3-ae3e-67ef918cd3cb","build_version":"2020-01-27","seed_played":"5285851510672524741","chose_seed":false,"seed_source_timestamp":1557186995408,"is_daily":false,"special_seed":null,"is_trial":false,"is_endless":false,"is_ascension_mode":true,"ascension_level":3,"neow_bonus":"RANDOM_COMMON_RELIC","neow_cost":"NONE","is_beta":false,"is_prod":false,"victory":false,"floor_reached":33,"score":361,"timestamp":1734784674,"local_time":"12/21/2024 12:37:54","playtime":1495,"player_experience":114548,"master_deck":["Strike_P+1","Strike_P+1","Strike_P+1","Strike_P+1","Defend_P+1","Defend_P+1","Defend_P+1","Defend_P+1","Eruption+1","Vigilance","TalkToTheHand+1","Perseverance","Halt","ReachHeaven","ThirdEye+1","Establishment+1","EmptyFist","ClearTheMind","EmptyFist","InnerPeace","MentalFortress","Shame","RitualDagger","FlurryOfBlows","Nirvana"],"relics":["PureWater","Ancient Tea Set","Juzu Bracelet","Golden Idol","Art of War","Vajra","Blood Vial","Busted Crown","Centennial Puzzle","Lantern","Nloth's Gift","StrikeDummy","Omamori","Tiny Chest","MutagenicStrength"],"gold":129,"campfire_rested":3,"campfire_upgraded":3,"purchased_purges":0,"potions_floor_spawned":[1,7,12,13,14,24,27],"potions_floor_usage":[7,14,14,14,16,29,30],"current_hp_per_floor":[67,67,64,50,50,50,38,58,58,57,57,57,51,56,56,37,72,69,69,69,69,69,69,41,35,35,37,58,34,12,12,33,0],"max_hp_per_floor":[72,72,72,72,67,67,67,67,67,67,67,67,67,72,72,72,72,72,72,72,72,72,72,72,72,72,72,72,72,72,72,72,72],"gold_per_floor":[109,109,109,109,109,109,143,143,143,157,157,180,173,206,206,326,326,339,6,6,6,6,6,37,37,64,80,80,115,129,129,129,129],"path_per_floor":["M","?","?","?","?","R","E","R","T","M","?","M","M","E","R","B",null,"M","$","?","?","?","R","E","?","T","M","R","E","M","?","R","B"],"path_taken":["M","?","?","?","?","R","E","R","T","M","?","M","M","E","R","BOSS","M","$","?","?","?","R","E","?","T","M","R","E","M","?","R","BOSS"],"items_purchased":["ClearTheMind","Centennial Puzzle","Orrery"],"item_purchase_floors":[19,19,19],"items_purged":[],"items_purged_floors":[],"character_chosen":"WATCHER","card_choices":[{"picked":"TalkToTheHand","not_picked":["FollowUp","WheelKick"],"floor":1},{"picked":"Perseverance","not_picked":["CutThroughFate","InnerPeace"],"floor":7},{"picked":"SKIP","not_picked":["WreathOfFlame","Protect","Wallop"],"floor":10},{"picked":"Halt","not_picked":["Perseverance","InnerPeace"],"floor":12},{"picked":"ReachHeaven","not_picked":["Crescendo","ClearTheMind"],"floor":13},{"picked":"ThirdEye","not_picked":["Prostrate","Consecrate"],"floor":14},{"picked":"Establishment","not_picked":["Ragnarok","DevaForm"],"floor":16},{"picked":"EmptyFist","not_picked":[],"floor":18},{"picked":"EmptyFist","not_picked":[],"floor":19},{"picked":"InnerPeace","not_picked":[],"floor":19},{"picked":"MentalFortress","not_picked":[],"floor":19},{"picked":"SKIP","not_picked":["Devotion"],"floor":24},{"picked":"SKIP","not_picked":["Collect"],"floor":27},{"picked":"FlurryOfBlows","not_picked":[],"floor":29},{"picked":"Nirvana","not_picked":[],"floor":30}],"event_choices":[{"event_name":"Living Wall","player_choice":"Grow","floor":2,"cards_obtained":null,"cards_removed":null,"cards_transformed":null,"cards_upgraded":["Eruption"],"relics_obtained":null,"potions_obtained":null,"relics_lost":null,"damage_taken":0,"damage_healed":0,"max_hp_loss":0,"max_hp_gain":0,"gold_gain":0,"gold_loss":0},{"event_name":"Scrap Ooze","player_choice":"Success","floor":3,"cards_obtained":null,"cards_removed":null,"cards_transformed":null,"cards_upgraded":null,"relics_obtained":["Juzu Bracelet"],"potions_obtained":null,"relics_lost":null,"damage_taken":3,"damage_healed":0,"max_hp_loss":0,"max_hp_gain":0,"gold_gain":0,"gold_loss":0},{"event_name":"Shining Light","player_choice":"Entered Light","floor":4,"cards_obtained":null,"cards_removed":null,"cards_transformed":null,"cards_upgraded":["Strike_P","Defend_P"],"relics_obtained":null,"potions_obtained":null,"relics_lost":null,"damage_taken":14,"damage_healed":0,"max_hp_loss":0,"max_hp_gain":0,"gold_gain":0,"gold_loss":0},{"event_name":"Golden Idol","player_choice":"Lose Max HP","floor":5,"cards_obtained":null,"cards_removed":null,"cards_transformed":null,"cards_upgraded":null,"relics_obtained":["Golden Idol"],"potions_obtained":null,"relics_lost":null,"damage_taken":0,"damage_healed":0,"max_hp_loss":5,"max_hp_gain":0,"gold_gain":0,"gold_loss":0},{"event_name":"Liars Game","player_choice":"Ignored","floor":11,"cards_obtained":null,"cards_removed":null,"cards_transformed":null,"cards_upgraded":null,"relics_obtained":null,"potions_obtained":null,"relics_lost":null,"damage_taken":0,"damage_healed":0,"max_hp_loss":0,"max_hp_gain":0,"gold_gain":0,"gold_loss":0},{"event_name":"Back to Basics","player_choice":"Simplicity","floor":20,"cards_obtained":null,"cards_removed":null,"cards_transformed":null,"cards_upgraded":["Strike_P","Strike_P","Strike_P","Defend_P","Defend_P","Defend_P"],"relics_obtained":null,"potions_obtained":null,"relics_lost":null,"damage_taken":0,"damage_healed":0,"max_hp_loss":0,"max_hp_gain":0,"gold_gain":0,"gold_loss":0},{"event_name":"Addict","player_choice":"Stole Relic","floor":21,"cards_obtained":["Shame"],"cards_removed":null,"cards_transformed":null,"cards_upgraded":null,"relics_obtained":["Lantern"],"potions_obtained":null,"relics_lost":null,"damage_taken":0,"damage_healed":0,"max_hp_loss":0,"max_hp_gain":0,"gold_gain":0,"gold_loss":0},{"event_name":"N'loth","player_choice":"Traded Relic","floor":22,"cards_obtained":null,"cards_removed":null,"cards_transformed":null,"cards_upgraded":null,"relics_obtained":["Nloth's Gift"],"potions_obtained":null,"relics_lost":["Orrery"],"damage_taken":0,"damage_healed":0,"max_hp_loss":0,"max_hp_gain":0,"gold_gain":0,"gold_loss":0},{"event_name":"Nest","player_choice":"Joined the Cult","floor":25,"cards_obtained":["RitualDagger"],"cards_removed":null,"cards_transformed":null,"cards_upgraded":null,"relics_obtained":null,"potions_obtained":null,"relics_lost":null,"damage_taken":6,"damage_healed":0,"max_hp_loss":0,"max_hp_gain":0,"gold_gain":0,"gold_loss":0},{"event_name":"Drug Dealer","player_choice":"Inject Mutagens","floor":31,"cards_obtained":null,"cards_removed":null,"cards_transformed":null,"cards_upgraded":null,"relics_obtained":["MutagenicStrength"],"potions_obtained":null,"relics_lost":null,"damage_taken":0,"damage_healed":0,"max_hp_loss":0,"max_hp_gain":0,"gold_gain":0,"gold_loss":0}],"boss_relics":[{"picked":"Busted Crown","not_picked":["Runic Dome","HolyWater"]}],"damage_taken":[{"floor":1,"enemies":"2 Louse","damage":5,"turns":2},{"floor":7,"enemies":"Lagavulin","damage":12,"turns":4},{"floor":10,"enemies":"Jaw Worm","damage":1,"turns":4},{"floor":12,"enemies":"Small Slimes","damage":0,"turns":2},{"floor":13,"enemies":"Exordium Thugs","damage":6,"turns":4},{"floor":14,"enemies":"Gremlin Nob","damage":0,"turns":2},{"floor":16,"enemies":"The Guardian","damage":21,"turns":10},{"floor":18,"enemies":"Chosen","damage":3,"turns":5},{"floor":24,"enemies":"Book of Stabbing","damage":30,"turns":6},{"floor":27,"enemies":"Spheric Guardian","damage":0,"turns":4},{"floor":29,"enemies":"Slavers","damage":26,"turns":3},{"floor":30,"enemies":"Centurion and Healer","damage":24,"turns":6},{"floor":33,"enemies":"Champ","damage":54,"turns":12}],"potions_obtained":[{"key":"AttackPotion","floor":1},{"key":"BottledMiracle","floor":7},{"key":"SteroidPotion","floor":12},{"key":"DistilledChaos","floor":13},{"key":"Fruit Juice","floor":14},{"key":"SpeedPotion","floor":24},{"key":"AttackPotion","floor":27}],"relics_obtained":[{"key":"Art of War","floor":7},{"key":"Vajra","floor":9},{"key":"Blood Vial","floor":14},{"key":"StrikeDummy","floor":24},{"key":"Omamori","floor":26},{"key":"Tiny Chest","floor":29}],"campfire_choices":[{"floor":6,"key":"SMITH","data":"TalkToTheHand"},{"floor":8,"key":"REST"},{"floor":15,"key":"SMITH","data":"ThirdEye"},{"floor":23,"key":"SMITH","data":"Establishment"},{"floor":28,"key":"REST"},{"floor":32,"key":"REST"}],"circlet_count":0,"win_rate":0,"killed_by":"Champ"}