{"play_id":"dc0d4a18-ba56-4095-8c6a-0a7f9918341b","build_version":"2020-01-27","seed_played":"6377921077287965649","chose_seed":false,"seed_source_timestamp":0,"is_daily":false,"special_seed":0,"is_trial":false,"is_endless":false,"is_ascension_mode":false,"ascension_level":0,"neow_bonus":"BOSS_RELIC","neow_cost":"NONE","is_beta":false,"is_prod":false,"victory":false,"floor_reached":28,"score":242,"timestamp":1724023504,"local_time":"08/18/2024 23:25:04","playtime":1192,"player_experience":31849,"master_deck":["Strike_G","Strike_G","Strike_G","Strike_G","Defend_G","Defend_G","Defend_G","Defend_G","Defend_G","Survivor","Neutralize","Masterful Stab","Doubt","Blur","Flechettes+1","Dagger Spray","Bouncing Flask","All Out Attack","Noxious Fumes","Deadly Poison","Crippling Poison+1","Bullet Time","Finisher","Bane+1","Finisher+1","Flying Knee+1"],"relics":["Runic Pyramid","Sundial","Vajra","Ancient Tea Set","Nunchaku","Fusion Hammer","TheAbacus","Regal Pillow","Pantograph"],"gold":0,"campfire_rested":3,"campfire_upgraded":2,"purchased_purges":0,"potions_floor_spawned":[4,5,8,14,16,18,20,22,25],"potions_floor_usage":[25,25,28],"current_hp_per_floor":[70,70,70,70,70,70,52,35,35,56,56,70,65,63,63,57,70,62,62,60,45,30,51,51,5,5,5,0],"max_hp_per_floor":[70,70,70,70,70,70,70,70,70,70,70,70,70,70,70,70,70,70,70,70,70,70,70,70,70,70,70,70],"gold_per_floor":[119,294,305,324,341,341,367,384,410,410,40,40,59,72,72,173,173,191,116,134,149,161,161,13,45,45,0,0],"path_per_floor":["M","?","M","M","M","R","E","M","T","R","$","R","M","M","R","B","ul","M","?","M","M","M","R","$","E","T","?","M"],"path_taken":["M","?","M","M","M","R","E","M","T","R","$","R","M","M","R","BOSS","M","?","M","M","M","R","$","E","T","?","M"],"items_purchased":["Ancient Tea Set","Nunchaku","Noxious Fumes","TheAbacus"],"item_purchase_floors":[11,11,11,24],"items_purged":[],"items_purged_floors":[],"character_chosen":"THE_SILENT","card_choices":[{"picked":"Masterful Stab","not_picked":["Blade Dance","Leg Sweep"],"floor":1},{"picked":"Blur","not_picked":["Underhanded Strike","Dagger Throw"],"floor":3},{"picked":"Flechettes","not_picked":["Escape Plan","Dodge and Roll"],"floor":4},{"picked":"Dagger Spray","not_picked":["Poisoned Stab","Reflex"],"floor":5},{"picked":"Bouncing Flask","not_picked":["Eviscerate","Malaise"],"floor":7},{"picked":"All Out Attack","not_picked":["Well Laid Plans","Predator"],"floor":8},{"picked":"Deadly Poison","not_picked":["Dagger Throw","Distraction"],"floor":13},{"picked":"Crippling Poison","not_picked":["Underhanded Strike","Well Laid Plans"],"floor":14},{"picked":"Bullet Time","not_picked":["Corpse Explosion","Adrenaline"],"floor":16},{"picked":"Finisher","not_picked":["All Out Attack","Caltrops"],"floor":18},{"picked":"Bane+1","not_picked":["Slice+1","Deflect"],"floor":20},{"picked":"SKIP","not_picked":["Endless Agony","Backflip","Heel Hook"],"floor":21},{"picked":"Finisher+1","not_picked":["Dagger Throw","Prepared+1"],"floor":22},{"picked":"Flying Knee+1","not_picked":["Dagger Spray","Tactician"],"floor":25}],"event_choices":[{"event_name":"Liars Game","player_choice":"AGREE","floor":2,"cards_obtained":["Doubt"],"cards_removed":null,"cards_transformed":null,"cards_upgraded":null,"relics_obtained":null,"potions_obtained":null,"relics_lost":null,"damage_taken":0,"damage_healed":0,"max_hp_loss":0,"max_hp_gain":0,"gold_gain":175,"gold_loss":0},{"event_name":"Beggar","player_choice":"Gave Gold","floor":19,"cards_obtained":null,"cards_removed":["Strike_G"],"cards_transformed":null,"cards_upgraded":null,"relics_obtained":null,"potions_obtained":null,"relics_lost":null,"damage_taken":0,"damage_healed":0,"max_hp_loss":0,"max_hp_gain":0,"gold_gain":0,"gold_loss":75},{"event_name":"Masked Bandits","player_choice":"Paid Fearfully","floor":27,"cards_obtained":null,"cards_removed":null,"cards_transformed":null,"cards_upgraded":null,"relics_obtained":null,"potions_obtained":null,"relics_lost":null,"damage_taken":0,"damage_healed":0,"max_hp_loss":0,"max_hp_gain":0,"gold_gain":0,"gold_loss":45}],"boss_relics":[{"picked":"Fusion Hammer","not_picked":["Empty Cage","Coffee Dripper"]}],"damage_taken":[{"floor":1,"enemies":"Jaw Worm","damage":0,"turns":4},{"floor":3,"enemies":"2 Louse","damage":0,"turns":2},{"floor":4,"enemies":"Cultist","damage":0,"turns":4},{"floor":5,"enemies":"3 Louse","damage":0,"turns":5},{"floor":7,"enemies":"Gremlin Nob","damage":18,"turns":4},{"floor":8,"enemies":"Lots of Slimes","damage":17,"turns":4},{"floor":13,"enemies":"Gremlin Gang","damage":5,"turns":2},{"floor":14,"enemies":"Looter","damage":2,"turns":2},{"floor":16,"enemies":"Slime Boss","damage":6,"turns":8},{"floor":18,"enemies":"Spheric Guardian","damage":8,"turns":4},{"floor":20,"enemies":"Chosen","damage":2,"turns":4},{"floor":21,"enemies":"Snecko","damage":15,"turns":4},{"floor":22,"enemies":"Snake Plant","damage":15,"turns":5},{"floor":25,"enemies":"Slavers","damage":46,"turns":4},{"floor":28,"enemies":"Centurion and Healer","damage":8,"turns":1}],"potions_obtained":[{"key":"BlessingOfTheForge","floor":4},{"key":"Strength Potion","floor":5},{"key":"SteroidPotion","floor":8},{"key":"CunningPotion","floor":16},{"key":"LiquidBronze","floor":18},{"key":"Block Potion","floor":20},{"key":"FearPotion","floor":22},{"key":"SpeedPotion","floor":25}],"relics_obtained":[{"key":"Sundial","floor":7},{"key":"Vajra","floor":9},{"key":"Regal Pillow","floor":25},{"key":"Pantograph","floor":26}],"campfire_choices":[{"floor":6,"key":"SMITH","data":"Flechettes"},{"floor":10,"key":"REST"},{"floor":12,"key":"REST"},{"floor":15,"key":"SMITH","data":"Crippling Poison"},{"floor":23,"key":"REST"}],"circlet_count":0,"win_rate":0,"killed_by":"Centurion and Healer"}