{"play_id":"3ce535bc-d084-40bf-b872-7cdf12960cfb","build_version":"2020-01-27","seed_played":"-8062707041676938937","chose_seed":false,"seed_source_timestamp":282556629572,"is_daily":false,"special_seed":null,"is_trial":false,"is_endless":false,"is_ascension_mode":false,"ascension_level":0,"neow_bonus":"BOSS_RELIC","neow_cost":"NONE","is_beta":false,"is_prod":false,"victory":false,"floor_reached":50,"score":510,"timestamp":1725315225,"local_time":"20240902221345","playtime":2696,"player_experience":49449,"master_deck":["Strike_G+1","Strike_G","Strike_G","Strike_G+1","Defend_G","Defend_G","Defend_G","Defend_G","Defend_G","Survivor","Neutralize","Catalyst","Slice","Riddle With Holes","Deadly Poison","Eviscerate+1","PiercingWail","Poisoned Stab","Corpse Explosion","CurseOfTheBell","Choke","Underhanded Strike+1","Bouncing Flask","Dagger Spray+1","Crippling Poison","Underhanded Strike+1","Underhanded Strike","Envenom+1","Riddle With Holes+1","Choke"],"relics":["Snecko Eye","Darkstone Periapt","Orichalcum","Frozen Egg 2","Ancient Tea Set","Sundial","Calling Bell","PreservedInsect","Paper Crane","Tough Bandages","Anchor","Bronze Scales","Whetstone","Oddly Smooth Stone","Mango","Velvet Choker","Toy Ornithopter","Pen Nib","Red Mask"],"gold":0,"campfire_rested":7,"campfire_upgraded":1,"purchased_purges":1,"potions_floor_spawned":[6,8,11,18,20,22,35,37,38],"potions_floor_usage":[8,22,24,33,39,50],"current_hp_per_floor":[68,66,63,63,63,51,70,44,44,44,44,44,65,47,68,42,76,54,54,39,30,30,52,50,35,35,35,30,44,44,44,71,5,90,80,64,54,26,23,50,19,19,19,16,79,79,38,38,61,0],"max_hp_per_floor":[70,70,70,70,70,70,70,70,70,70,70,70,70,70,70,70,76,76,76,76,76,76,76,76,76,76,76,76,90,90,90,90,90,90,90,90,90,90,90,90,90,90,90,90,79,79,79,79,79,79],"gold_per_floor":[110,121,139,139,20,55,55,80,129,129,149,249,249,269,269,372,372,388,79,91,106,124,124,150,165,165,165,176,91,109,11,11,109,109,122,134,147,164,175,175,192,208,232,246,246,246,277,0,0,0],"path_per_floor":["M","M","M","?","$","E","R","E","T","T","M","?","R","M","R","B",null,"M","$","M","M","M","R","E","M","T","?","M","?","M","$","R","B",null,"M","M","M","M","M","R","M","M","T","M","?","R","E","?","R","B"],"path_taken":["M","M","M","?","?","E","R","E","T","?","M","?","R","M","R","BOSS","M","?","M","M","M","R","E","M","T","?","M","?","?","?","R","BOSS","M","M","M","M","?","R","M","M","T","M","?","R","E","?","R","BOSS"],"items_purchased":["Riddle With Holes","Deadly Poison","Anchor","Bronze Scales","Underhanded Strike"],"item_purchase_floors":[5,5,19,19,31],"items_purged":["Strike_G"],"items_purged_floors":[31],"character_chosen":"THE_SILENT","card_choices":[{"picked":"Catalyst","not_picked":["Backflip","Poisoned Stab"],"floor":1},{"picked":"Slice","not_picked":["Dodge and Roll","Outmaneuver"],"floor":2},{"picked":"Sucker Punch","not_picked":["Acrobatics","Slice"],"floor":3},{"picked":"Eviscerate","not_picked":["Blade Dance","Finisher"],"floor":6},{"picked":"PiercingWail","not_picked":["Sucker Punch","Tools of the Trade+1"],"floor":8},{"picked":"Poisoned Stab","not_picked":["Dagger Throw","Deadly Poison"],"floor":11},{"picked":"SKIP","not_picked":["Dodge and Roll","Flying Knee","Catalyst"],"floor":14},{"picked":"Corpse Explosion","not_picked":["Phantasmal Killer","Unload"],"floor":16},{"picked":"Choke","not_picked":["Acrobatics","Riddle With Holes+1"],"floor":18},{"picked":"Underhanded Strike+1","not_picked":["Expertise+1","Crippling Poison"],"floor":20},{"picked":"Bouncing Flask","not_picked":["Skewer","Flying Knee"],"floor":21},{"picked":"Dagger Spray+1","not_picked":["Terror","Cloak And Dagger"],"floor":22},{"picked":"SKIP","not_picked":["Slice","Masterful Stab","Caltrops+1"],"floor":24},{"picked":"Crippling Poison","not_picked":["Finisher","Backflip"],"floor":25},{"picked":"Underhanded Strike+1","not_picked":["Cloak And Dagger","Storm of Steel"],"floor":28},{"picked":"SKIP","not_picked":["Distraction","Backflip","Caltrops+1"],"floor":30},{"picked":"Envenom+1","not_picked":["Die Die Die","Tools of the Trade+1"],"floor":33},{"picked":"SKIP","not_picked":["Quick Slash","Dodge and Roll","Bane+1"],"floor":35},{"picked":"SKIP","not_picked":["Flying Knee+1","Bane","Slice"],"floor":36},{"picked":"SKIP","not_picked":["Cloak And Dagger+1","Dagger Spray","Dagger Throw"],"floor":37},{"picked":"SKIP","not_picked":["Flying Knee+1","Blade Dance","Slice+1"],"floor":38},{"picked":"Riddle With Holes+1","not_picked":["Poisoned Stab","Storm of Steel"],"floor":39},{"picked":"Choke","not_picked":["Cloak And Dagger","Prepared"],"floor":41},{"picked":"SKIP","not_picked":["Flying Knee+1","Slice","Masterful Stab+1"],"floor":42},{"picked":"SKIP","not_picked":["Masterful Stab","Poisoned Stab+1","Caltrops+1"],"floor":44},{"picked":"SKIP","not_picked":["Storm of Steel","Prepared","Tactician"],"floor":47}],"event_choices":[{"event_name":"WeMeetAgain","player_choice":"Gave Card","floor":4,"cards_obtained":null,"cards_removed":["Sucker Punch"],"cards_transformed":null,"cards_upgraded":null,"relics_obtained":["Darkstone Periapt"],"potions_obtained":null,"relics_lost":null,"damage_taken":0,"damage_healed":0,"max_hp_loss":0,"max_hp_gain":0,"gold_gain":0,"gold_loss":0},{"event_name":"Golden Shrine","player_choice":"Pray","floor":12,"cards_obtained":null,"cards_removed":null,"cards_transformed":null,"cards_upgraded":null,"relics_obtained":null,"potions_obtained":null,"relics_lost":null,"damage_taken":0,"damage_healed":0,"max_hp_loss":0,"max_hp_gain":0,"gold_gain":100,"gold_loss":0},{"event_name":"Ghosts","player_choice":"Ignored","floor":27,"cards_obtained":null,"cards_removed":null,"cards_transformed":null,"cards_upgraded":null,"relics_obtained":null,"potions_obtained":null,"relics_lost":null,"damage_taken":0,"damage_healed":0,"max_hp_loss":0,"max_hp_gain":0,"gold_gain":0,"gold_loss":0},{"event_name":"Addict","player_choice":"Obtained Relic","floor":29,"cards_obtained":null,"cards_removed":null,"cards_transformed":null,"cards_upgraded":null,"relics_obtained":["Mango"],"potions_obtained":null,"relics_lost":null,"damage_taken":0,"damage_healed":0,"max_hp_loss":0,"max_hp_gain":0,"gold_gain":0,"gold_loss":85},{"event_name":"The Moai Head","player_choice":"Heal","floor":45,"cards_obtained":null,"cards_removed":null,"cards_transformed":null,"cards_upgraded":null,"relics_obtained":null,"potions_obtained":null,"relics_lost":null,"damage_taken":0,"damage_healed":79,"max_hp_loss":11,"max_hp_gain":0,"gold_gain":0,"gold_loss":0},{"event_name":"Tomb of Lord Red Mask","player_choice":"Paid","floor":48,"cards_obtained":null,"cards_removed":null,"cards_transformed":null,"cards_upgraded":null,"relics_obtained":["Red Mask"],"potions_obtained":null,"relics_lost":null,"damage_taken":0,"damage_healed":0,"max_hp_loss":0,"max_hp_gain":0,"gold_gain":0,"gold_loss":277}],"boss_relics":[{"picked":"Calling Bell","not_picked":["Philosopher's Stone","HoveringKite"]},{"picked":"Velvet Choker","not_picked":["Empty Cage","Black Star"]}],"damage_taken":[{"floor":1,"enemies":"Small Slimes","damage":2,"turns":7},{"floor":2,"enemies":"Cultist","damage":2,"turns":6},{"floor":3,"enemies":"Jaw Worm","damage":3,"turns":4},{"floor":6,"enemies":"3 Sentries","damage":12,"turns":9},{"floor":8,"enemies":"Lagavulin","damage":26,"turns":4},{"floor":11,"enemies":"Looter","damage":0,"turns":2},{"floor":14,"enemies":"Gremlin Gang","damage":18,"turns":4},{"floor":16,"enemies":"The Guardian","damage":26,"turns":7},{"floor":18,"enemies":"Chosen","damage":22,"turns":6},{"floor":20,"enemies":"Spheric Guardian","damage":15,"turns":5},{"floor":21,"enemies":"Centurion and Healer","damage":9,"turns":6},{"floor":22,"enemies":"3 Cultists","damage":0,"turns":3},{"floor":24,"enemies":"Book of Stabbing","damage":2,"turns":3},{"floor":25,"enemies":"Snake Plant","damage":15,"turns":3},{"floor":28,"enemies":"Chosen and Byrds","damage":5,"turns":4},{"floor":30,"enemies":"Cultist and Chosen","damage":0,"turns":3},{"floor":33,"enemies":"Champ","damage":66,"turns":8},{"floor":35,"enemies":"3 Shapes","damage":10,"turns":4},{"floor":36,"enemies":"3 Darklings","damage":16,"turns":3},{"floor":37,"enemies":"4 Shapes","damage":10,"turns":3},{"floor":38,"enemies":"Maw","damage":28,"turns":6},{"floor":39,"enemies":"Transient","damage":3,"turns":5},{"floor":41,"enemies":"Writhing Mass","damage":31,"turns":5},{"floor":42,"enemies":"3 Darklings","damage":0,"turns":2},{"floor":44,"enemies":"Maw","damage":3,"turns":5},{"floor":47,"enemies":"Giant Head","damage":41,"turns":7},{"floor":50,"enemies":"Time Eater","damage":101,"turns":10}],"potions_obtained":[{"key":"DuplicationPotion","floor":6},{"key":"FairyPotion","floor":8},{"key":"Dexterity Potion","floor":11},{"key":"Energy Potion","floor":18},{"key":"Block Potion","floor":20},{"key":"DuplicationPotion","floor":22},{"key":"CunningPotion","floor":35},{"key":"Fire Potion","floor":37}],"relics_obtained":[{"key":"Orichalcum","floor":6},{"key":"Frozen Egg 2","floor":8},{"key":"Ancient Tea Set","floor":9},{"key":"Sundial","floor":10},{"key":"PreservedInsect","floor":17},{"key":"Paper Crane","floor":17},{"key":"Tough Bandages","floor":17},{"key":"Whetstone","floor":24},{"key":"Oddly Smooth Stone","floor":26},{"key":"Toy Ornithopter","floor":43},{"key":"Pen Nib","floor":47}],"campfire_choices":[{"floor":7,"key":"REST"},{"floor":13,"key":"REST"},{"floor":15,"key":"REST"},{"floor":23,"key":"REST"},{"floor":32,"key":"REST"},{"floor":40,"key":"REST"},{"floor":46,"key":"SMITH","data":"Eviscerate"},{"floor":49,"key":"REST"}],"circlet_count":0,"win_rate":0,"killed_by":"Time Eater"}