{"play_id":"ab561bff-1c52-43d2-a5a4-ccc6787840c6","build_version":"2020-01-27","seed_played":"-2087857171541201916","chose_seed":false,"seed_source_timestamp":338803323567,"is_daily":false,"special_seed":null,"is_trial":false,"is_endless":false,"is_ascension_mode":false,"ascension_level":0,"neow_bonus":"THREE_ENEMY_KILL","neow_cost":"NONE","is_beta":false,"is_prod":false,"victory":true,"floor_reached":51,"score":833,"timestamp":1725320863,"local_time":"09/02/2024 23:47:43","playtime":2665,"player_experience":54853,"master_deck":["Strike_G+1","Strike_G+1","Strike_G","Defend_G+1","Defend_G+1","Defend_G","Defend_G","Defend_G","Survivor","Neutralize","Masterful Stab","Acrobatics","Predator+1","Masterful Stab","Noxious Fumes+1","After Image","Bane","Backstab","Venomology","Cloak And Dagger+1","Bouncing Flask+1","Terror+1","All Out Attack+1","Bane","Accuracy","Panache","Blade Dance","Heel Hook+1","Night Terror","Backstab","Infinite Blades+1","Poisoned Stab","Riddle With Holes+1","Swift Strike","Infinite Blades+1"],"relics":["Ring of the Snake","NeowsBlessing","Happy Flower","Toy Ornithopter","Snake Skull","Whetstone","Potion Belt","Regal Pillow","SlaversCollar","Red Mask","Pear","War Paint","Anchor","PreservedInsect","Pen Nib","WristBlade","Bottled Tornado","The Specimen","Orichalcum","Ornamental Fan","Bag of Marbles"],"gold":167,"campfire_rested":7,"campfire_upgraded":4,"purchased_purges":1,"potions_floor_spawned":[3,5,8,12,16,18,19,21,24,30,35,48],"potions_floor_usage":[11,11,11,19,20,20,22,24,33,33,33,33,33,37,39,39,40,42,50,50,50,50],"current_hp_per_floor":[70,70,70,56,54,54,18,18,18,18,33,32,53,41,70,19,70,60,65,69,48,53,70,51,80,80,80,80,80,80,74,74,73,80,80,80,56,56,64,22,61,27,27,66,66,66,66,33,72,31],"max_hp_per_floor":[70,70,70,70,70,70,70,70,70,70,70,70,70,70,70,70,70,70,70,70,70,70,70,80,80,80,80,80,80,80,80,80,80,80,80,80,80,80,80,80,80,80,80,80,80,80,80,80,80,80],"gold_per_floor":[111,126,145,145,156,156,219,251,277,277,305,315,315,348,348,444,444,457,482,494,512,531,531,558,558,558,0,0,0,35,50,50,145,145,160,160,160,382,394,426,426,476,527,527,84,111,111,127,127,167],"path_per_floor":["M","M","M","?","M","R","?","E","T","T","E","M","R","E","R","B",null,"M","?","M","M","M","R","E","R","T","$","R","?","E","M","R","B",null,"M","?","M","?","M","E","R","?","T","R","$","T","R","M","R","B",null],"path_taken":["M","M","M","?","M","R","?","E","T","?","E","M","R","E","R","BOSS","M","?","M","M","M","R","E","R","T","$","R","?","E","M","R","BOSS","M","?","M","?","M","E","R","?","T","R","$","?","R","M","R","BOSS"],"items_purchased":["Anchor","PreservedInsect","Accuracy","Panache","Swift Strike","Ornamental Fan","Infinite Blades"],"item_purchase_floors":[27,27,27,27,45,45,45],"items_purged":["Strike_G"],"items_purged_floors":[45],"character_chosen":"THE_SILENT","card_choices":[{"picked":"Masterful Stab","not_picked":["Dagger Spray","Expertise"],"floor":1},{"picked":"Acrobatics","not_picked":["Deflect","Dodge and Roll"],"floor":2},{"picked":"SKIP","not_picked":["Well Laid Plans","Reflex","Prepared"],"floor":3},{"picked":"Predator","not_picked":["Leg Sweep","PiercingWail"],"floor":5},{"picked":"Masterful Stab","not_picked":["Deadly Poison","Tactician"],"floor":7},{"picked":"Noxious Fumes","not_picked":["Leg Sweep","Deflect"],"floor":8},{"picked":"After Image","not_picked":["Tactician","Expertise"],"floor":11},{"picked":"Bane","not_picked":["Dagger Throw","Acrobatics"],"floor":12},{"picked":"Backstab","not_picked":["Quick Slash","Bouncing Flask"],"floor":14},{"picked":"Venomology","not_picked":["Wraith Form v2","Storm of Steel"],"floor":16},{"picked":"Cloak And Dagger","not_picked":["Tactician+1","Dagger Spray"],"floor":18},{"picked":"Bouncing Flask","not_picked":["Poisoned Stab","Sucker Punch"],"floor":19},{"picked":"Terror+1","not_picked":["Acrobatics","Reflex+1"],"floor":20},{"picked":"SKIP","not_picked":["Blade Dance","Reflex+1","Tactician"],"floor":21},{"picked":"All Out Attack+1","not_picked":["Dagger Throw+1","Flechettes+1"],"floor":22},{"picked":"Bane","not_picked":["Dagger Throw","Flying Knee"],"floor":24},{"picked":"Blade Dance","not_picked":["Reflex+1","Bane"],"floor":30},{"picked":"Heel Hook+1","not_picked":["Endless Agony+1","Underhanded Strike"],"floor":31},{"picked":"Night Terror","not_picked":["Adrenaline","Glass Knife"],"floor":33},{"picked":"Backstab","not_picked":["Leg Sweep+1","Dagger Throw+1"],"floor":35},{"picked":"Infinite Blades+1","not_picked":["Acrobatics+1","Heel Hook+1"],"floor":39},{"picked":"Poisoned Stab","not_picked":["Reflex","Venomology"],"floor":40},{"picked":"Riddle With Holes+1","not_picked":["Deadly Poison","Cloak And Dagger"],"floor":42},{"picked":"SKIP","not_picked":["Calculated Gamble","Underhanded Strike","Deadly Poison"],"floor":48}],"event_choices":[{"event_name":"Shining Light","player_choice":"Entered Light","floor":4,"cards_obtained":null,"cards_removed":null,"cards_transformed":null,"cards_upgraded":["Defend_G","Strike_G"],"relics_obtained":null,"potions_obtained":null,"relics_lost":null,"damage_taken":14,"damage_healed":0,"max_hp_loss":0,"max_hp_gain":0,"gold_gain":0,"gold_loss":0},{"event_name":"Dead Adventurer","player_choice":"Searched '2' times","floor":7,"cards_obtained":null,"cards_removed":null,"cards_transformed":null,"cards_upgraded":null,"relics_obtained":["Happy Flower"],"potions_obtained":null,"relics_lost":null,"damage_taken":0,"damage_healed":0,"max_hp_loss":0,"max_hp_gain":0,"gold_gain":0,"gold_loss":0},{"event_name":"Masked Bandits","player_choice":"Fought Bandits","floor":19,"cards_obtained":null,"cards_removed":null,"cards_transformed":null,"cards_upgraded":null,"relics_obtained":null,"potions_obtained":null,"relics_lost":null,"damage_taken":0,"damage_healed":0,"max_hp_loss":0,"max_hp_gain":0,"gold_gain":0,"gold_loss":0},{"event_name":"Ghosts","player_choice":"Ignored","floor":29,"cards_obtained":null,"cards_removed":null,"cards_transformed":null,"cards_upgraded":null,"relics_obtained":null,"potions_obtained":null,"relics_lost":null,"damage_taken":0,"damage_healed":0,"max_hp_loss":0,"max_hp_gain":0,"gold_gain":0,"gold_loss":0},{"event_name":"Falling","player_choice":"Removed Attack","floor":36,"cards_obtained":null,"cards_removed":["Strike_G"],"cards_transformed":null,"cards_upgraded":null,"relics_obtained":null,"potions_obtained":null,"relics_lost":null,"damage_taken":0,"damage_healed":0,"max_hp_loss":0,"max_hp_gain":0,"gold_gain":0,"gold_loss":0},{"event_name":"Tomb of Lord Red Mask","player_choice":"Wore Mask","floor":38,"cards_obtained":null,"cards_removed":null,"cards_transformed":null,"cards_upgraded":null,"relics_obtained":null,"potions_obtained":null,"relics_lost":null,"damage_taken":0,"damage_healed":0,"max_hp_loss":0,"max_hp_gain":0,"gold_gain":222,"gold_loss":0},{"event_name":"MindBloom","player_choice":"Fight","floor":42,"cards_obtained":null,"cards_removed":null,"cards_transformed":null,"cards_upgraded":null,"relics_obtained":null,"potions_obtained":null,"relics_lost":null,"damage_taken":0,"damage_healed":0,"max_hp_loss":0,"max_hp_gain":0,"gold_gain":0,"gold_loss":0}],"boss_relics":[{"picked":"SlaversCollar","not_picked":["Pandora's Box","Runic Dome"]},{"picked":"WristBlade","not_picked":["Sozu","HoveringKite"]}],"damage_taken":[{"floor":1,"enemies":"2 Louse","damage":0,"turns":1},{"floor":2,"enemies":"Small Slimes","damage":0,"turns":1},{"floor":3,"enemies":"Jaw Worm","damage":0,"turns":1},{"floor":5,"enemies":"2 Fungi Beasts","damage":2,"turns":4},{"floor":7,"enemies":"Lagavulin Event","damage":36,"turns":6},{"floor":8,"enemies":"Lagavulin","damage":0,"turns":5},{"floor":11,"enemies":"3 Sentries","damage":14,"turns":5},{"floor":12,"enemies":"Looter","damage":1,"turns":3},{"floor":14,"enemies":"Gremlin Nob","damage":12,"turns":4},{"floor":16,"enemies":"Hexaghost","damage":51,"turns":11},{"floor":18,"enemies":"Spheric Guardian","damage":10,"turns":4},{"floor":19,"enemies":"Masked Bandits","damage":0,"turns":2},{"floor":20,"enemies":"3 Byrds","damage":3,"turns":5},{"floor":21,"enemies":"Sentry and Sphere","damage":21,"turns":5},{"floor":22,"enemies":"Snecko","damage":0,"turns":3},{"floor":24,"enemies":"Slavers","damage":29,"turns":5},{"floor":30,"enemies":"Book of Stabbing","damage":0,"turns":3},{"floor":31,"enemies":"Snake Plant","damage":6,"turns":3},{"floor":33,"enemies":"Collector","damage":40,"turns":8},{"floor":35,"enemies":"3 Shapes","damage":0,"turns":2},{"floor":37,"enemies":"3 Darklings","damage":29,"turns":6},{"floor":39,"enemies":"Jaw Worm Horde","damage":2,"turns":3},{"floor":40,"enemies":"Nemesis","damage":47,"turns":4},{"floor":42,"enemies":"Mind Bloom Boss Battle","damage":39,"turns":4},{"floor":48,"enemies":"Maw","damage":33,"turns":5},{"floor":50,"enemies":"Awakened One","damage":60,"turns":8}],"potions_obtained":[{"key":"BlessingOfTheForge","floor":3},{"key":"Strength Potion","floor":5},{"key":"Regen Potion","floor":8},{"key":"FearPotion","floor":12},{"key":"Energy Potion","floor":16},{"key":"Explosive Potion","floor":18},{"key":"CunningPotion","floor":19},{"key":"Regen Potion","floor":21},{"key":"EssenceOfSteel","floor":24},{"key":"SpeedPotion","floor":35},{"key":"ColorlessPotion","floor":48}],"relics_obtained":[{"key":"Toy Ornithopter","floor":8},{"key":"Snake Skull","floor":9},{"key":"Whetstone","floor":10},{"key":"Potion Belt","floor":11},{"key":"Regal Pillow","floor":14},{"key":"Red Mask","floor":19},{"key":"Pear","floor":24},{"key":"War Paint","floor":26},{"key":"Pen Nib","floor":30},{"key":"Bottled Tornado","floor":40},{"key":"The Specimen","floor":42},{"key":"Orichalcum","floor":43},{"key":"Bag of Marbles","floor":46}],"campfire_choices":[{"floor":6,"key":"SMITH","data":"Predator"},{"floor":13,"key":"REST"},{"floor":15,"key":"REST"},{"floor":23,"key":"REST"},{"floor":25,"key":"REST"},{"floor":28,"key":"SMITH","data":"Bouncing Flask"},{"floor":32,"key":"SMITH","data":"Noxious Fumes"},{"floor":41,"key":"REST"},{"floor":44,"key":"REST"},{"floor":47,"key":"SMITH","data":"Infinite Blades"},{"floor":49,"key":"REST"}],"circlet_count":0,"win_rate":0,"killed_by":null}