{"play_id":"0375ec95-5c23-4b23-b3e4-d5dea97c317e","build_version":"2020-01-27","seed_played":"-2806223844669808972","chose_seed":false,"seed_source_timestamp":207440661077,"is_daily":false,"special_seed":null,"is_trial":false,"is_endless":false,"is_ascension_mode":true,"ascension_level":1,"neow_bonus":"BOSS_RELIC","neow_cost":"NONE","is_beta":false,"is_prod":false,"victory":true,"floor_reached":51,"score":955,"timestamp":1723569210,"local_time":"08/13/2024 17:13:30","playtime":3352,"player_experience":10244,"master_deck":["Strike_R","Strike_R","Strike_R","Strike_R+1","Strike_R","Defend_R","Defend_R","Defend_R","Defend_R","Bash","Whirlwind","Iron Wave","Shrug It Off","Perfected Strike","Battle Trance+1","Seeing Red","Twin Strike","Sword Boomerang","Fiend Fire","Inflame+1","Limit Break","Armaments","Body Slam","Good Instincts","Shockwave","Warcry","Sword Boomerang+1","Flex+1","Dark Embrace+1","Thunderclap+1","Limit Break","Dual Wield+1","Madness","Madness","Ghostly Armor+1","Barricade","Feel No Pain+1","Regret","Spot Weakness+1","Ghostly Armor+1","Combust+1","Bludgeon"],"relics":["Black Star","CultistMask","MawBank","Blood Vial","MealTicket","Red Skull","PreservedInsect","Runic Pyramid","Anchor","HandDrill","Ancient Tea Set","Centennial Puzzle","CaptainsWheel","Bag of Marbles","Unceasing Top","Cursed Key","Girya","Potion Belt","WingedGreaves","Mummified Hand","FossilizedHelix","Frozen Egg 2","White Beast Statue","Letter Opener","Boot","Bottled Tornado","Thread and Needle"],"gold":30,"campfire_rested":8,"campfire_upgraded":0,"purchased_purges":0,"potions_floor_spawned":[1,4,6,11,16,24,27,29,30,33,35,39,41,46,47],"potions_floor_usage":[6,8,20,33,33,50],"current_hp_per_floor":[71,76,64,64,64,20,44,10,10,34,23,25,22,13,37,28,80,45,45,10,10,25,49,13,37,37,36,38,40,40,40,64,33,80,41,31,70,62,56,28,7,28,28,5,26,28,25,40,40,15],"max_hp_per_floor":[80,80,80,80,80,80,80,80,80,80,80,80,80,80,80,80,80,80,80,80,80,80,80,80,80,80,80,80,80,80,80,80,80,80,80,80,70,70,70,70,70,70,70,70,70,70,70,70,70,70],"gold_per_floor":[117,117,136,149,149,176,188,232,268,280,310,334,358,388,400,516,528,560,572,600,562,42,42,70,70,70,96,114,124,142,102,102,202,202,220,220,220,238,288,313,340,340,340,373,373,402,415,30,30,30],"path_per_floor":["M","?","M","M","?","E","R","E","T","R","M","M","M","M","R","B",null,"M","?","M","?","$","R","E","R","T","E","M","M","M","?","R","B",null,"M","?","?","M","?","E","E","R","T","E","R","E","M","$","R","B",null],"path_taken":["M","?","?","M","?","E","R","E","T","R","M","M","M","?","R","BOSS","M","?","?","?","?","R","E","R","T","E","M","M","M","?","R","BOSS","M","?","?","M","?","E","E","R","T","E","R","E","M","$","R","BOSS"],"items_purchased":["Anchor","Good Instincts","Shockwave","GamblersBrew","HandDrill","Thread and Needle","Bludgeon"],"item_purchase_floors":[22,22,22,22,22,48,48],"items_purged":[],"items_purged_floors":[],"character_chosen":"IRONCLAD","card_choices":[{"picked":"Clash","not_picked":["Fire Breathing","True Grit"],"floor":1},{"picked":"Whirlwind","not_picked":["Power Through","Intimidate"],"floor":3},{"picked":"Iron Wave","not_picked":["Anger","Pummel"],"floor":4},{"picked":"Shrug It Off","not_picked":["Twin Strike","Burning Pact"],"floor":6},{"picked":"Perfected Strike","not_picked":["Shrug It Off","Headbutt"],"floor":8},{"picked":"Battle Trance","not_picked":["Warcry","Clothesline"],"floor":11},{"picked":"Seeing Red","not_picked":["Spot Weakness","Second Wind"],"floor":12},{"picked":"Twin Strike","not_picked":["Corruption","Anger"],"floor":13},{"picked":"Sword Boomerang","not_picked":["True Grit","Headbutt"],"floor":14},{"picked":"Fiend Fire","not_picked":["Bludgeon","Reaper"],"floor":16},{"picked":"Inflame+1","not_picked":["True Grit","Spot Weakness"],"floor":18},{"picked":"Body Slam","not_picked":["Pommel Strike","Seeing Red"],"floor":20},{"picked":"Warcry","not_picked":["Limit Break","Pommel Strike"],"floor":24},{"picked":"Sword Boomerang+1","not_picked":["Anger+1","Shrug It Off"],"floor":27},{"picked":"Flex+1","not_picked":["Sword Boomerang","Thunderclap"],"floor":28},{"picked":"Dark Embrace+1","not_picked":["Juggernaut","Seeing Red+1"],"floor":29},{"picked":"Thunderclap+1","not_picked":["Infernal Blade+1","Body Slam"],"floor":30},{"picked":"Limit Break","not_picked":["Offering","Brutality"],"floor":33},{"picked":"Dual Wield+1","not_picked":["Iron Wave","Twin Strike"],"floor":35},{"picked":"SKIP","not_picked":["Disarm","Headbutt","Sword Boomerang"],"floor":38},{"picked":"Ghostly Armor+1","not_picked":["Cleave","Perfected Strike"],"floor":39},{"picked":"Barricade","not_picked":["Inflame","Twin Strike+1"],"floor":40},{"picked":"Feel No Pain+1","not_picked":["Clash+1","Rupture+1"],"floor":41},{"picked":"Spot Weakness+1","not_picked":["True Grit+1","Clothesline"],"floor":44},{"picked":"Ghostly Armor+1","not_picked":["Uppercut","Flex+1"],"floor":46},{"picked":"Combust+1","not_picked":["Pommel Strike+1","Clash"],"floor":47}],"event_choices":[{"event_name":"Bonfire Elementals","player_choice":"Offered Common","floor":2,"cards_obtained":null,"cards_removed":["Clash"],"cards_transformed":null,"cards_upgraded":null,"relics_obtained":null,"potions_obtained":null,"relics_lost":null,"damage_taken":0,"damage_healed":5,"max_hp_loss":0,"max_hp_gain":0,"gold_gain":0,"gold_loss":0},{"event_name":"Bonfire Elementals","player_choice":"Offered Special","floor":2,"cards_obtained":null,"cards_removed":["Clash"],"cards_transformed":null,"cards_upgraded":null,"relics_obtained":null,"potions_obtained":null,"relics_lost":null,"damage_taken":0,"damage_healed":5,"max_hp_loss":0,"max_hp_gain":0,"gold_gain":0,"gold_loss":0},{"event_name":"FaceTrader","player_choice":"Trade","floor":5,"cards_obtained":null,"cards_removed":null,"cards_transformed":null,"cards_upgraded":null,"relics_obtained":["CultistMask"],"potions_obtained":null,"relics_lost":null,"damage_taken":0,"damage_healed":0,"max_hp_loss":0,"max_hp_gain":0,"gold_gain":0,"gold_loss":0},{"event_name":"Match and Keep!","player_choice":"2 cards matched","floor":19,"cards_obtained":["Limit Break","Armaments"],"cards_removed":null,"cards_transformed":null,"cards_upgraded":null,"relics_obtained":null,"potions_obtained":null,"relics_lost":null,"damage_taken":0,"damage_healed":0,"max_hp_loss":0,"max_hp_gain":0,"gold_gain":0,"gold_loss":0},{"event_name":"The Joust","player_choice":"Bet on Owner","floor":21,"cards_obtained":null,"cards_removed":null,"cards_transformed":null,"cards_upgraded":null,"relics_obtained":null,"potions_obtained":null,"relics_lost":null,"damage_taken":0,"damage_healed":0,"max_hp_loss":0,"max_hp_gain":0,"gold_gain":0,"gold_loss":50},{"event_name":"Designer","player_choice":"Upgraded Two","floor":31,"cards_obtained":null,"cards_removed":null,"cards_transformed":null,"cards_upgraded":["Battle Trance","Strike_R"],"relics_obtained":null,"potions_obtained":null,"relics_lost":null,"damage_taken":0,"damage_healed":0,"max_hp_loss":0,"max_hp_gain":0,"gold_gain":0,"gold_loss":40},{"event_name":"Winding Halls","player_choice":"Embrace Madness","floor":36,"cards_obtained":["Madness","Madness"],"cards_removed":null,"cards_transformed":null,"cards_upgraded":null,"relics_obtained":null,"potions_obtained":null,"relics_lost":null,"damage_taken":10,"damage_healed":0,"max_hp_loss":0,"max_hp_gain":0,"gold_gain":0,"gold_loss":0},{"event_name":"The Moai Head","player_choice":"Heal","floor":37,"cards_obtained":null,"cards_removed":null,"cards_transformed":null,"cards_upgraded":null,"relics_obtained":null,"potions_obtained":null,"relics_lost":null,"damage_taken":0,"damage_healed":70,"max_hp_loss":10,"max_hp_gain":0,"gold_gain":0,"gold_loss":0},{"event_name":"MindBloom","player_choice":"Fight","floor":39,"cards_obtained":null,"cards_removed":null,"cards_transformed":null,"cards_upgraded":null,"relics_obtained":null,"potions_obtained":null,"relics_lost":null,"damage_taken":0,"damage_healed":0,"max_hp_loss":0,"max_hp_gain":0,"gold_gain":0,"gold_loss":0}],"boss_relics":[{"picked":"Runic Pyramid","not_picked":["Snecko Eye","Astrolabe"]},{"picked":"Cursed Key","not_picked":["Mark of Pain","SacredBark"]}],"damage_taken":[{"floor":1,"enemies":"Small Slimes","damage":9,"turns":4},{"floor":3,"enemies":"Cultist","damage":12,"turns":5},{"floor":4,"enemies":"2 Louse","damage":0,"turns":1},{"floor":6,"enemies":"3 Sentries","damage":44,"turns":8},{"floor":8,"enemies":"Lagavulin","damage":36,"turns":10},{"floor":11,"enemies":"Lots of Slimes","damage":13,"turns":2},{"floor":12,"enemies":"Blue Slaver","damage":0,"turns":5},{"floor":13,"enemies":"Looter","damage":5,"turns":2},{"floor":14,"enemies":"Exordium Wildlife","damage":11,"turns":2},{"floor":16,"enemies":"Slime Boss","damage":11,"turns":6},{"floor":18,"enemies":"Shell Parasite","damage":35,"turns":7},{"floor":20,"enemies":"2 Thieves","damage":37,"turns":4},{"floor":24,"enemies":"Slavers","damage":38,"turns":4},{"floor":27,"enemies":"Gremlin Leader","damage":3,"turns":4},{"floor":28,"enemies":"Chosen and Byrds","damage":0,"turns":3},{"floor":29,"enemies":"Snake Plant","damage":0,"turns":2},{"floor":30,"enemies":"Shelled Parasite and Fungi","damage":2,"turns":3},{"floor":33,"enemies":"Collector","damage":33,"turns":4},{"floor":35,"enemies":"3 Shapes","damage":39,"turns":4},{"floor":38,"enemies":"Orb Walker","damage":8,"turns":3},{"floor":39,"enemies":"Mind Bloom Boss Battle","damage":8,"turns":8},{"floor":40,"enemies":"Giant Head","damage":30,"turns":6},{"floor":41,"enemies":"Reptomancer","damage":23,"turns":5},{"floor":44,"enemies":"Giant Head","damage":25,"turns":6},{"floor":46,"enemies":"Reptomancer","damage":0,"turns":4},{"floor":47,"enemies":"4 Shapes","damage":5,"turns":4},{"floor":50,"enemies":"Donu and Deca","damage":27,"turns":7}],"potions_obtained":[{"key":"Fire Potion","floor":1},{"key":"Strength Potion","floor":4},{"key":"Strength Potion","floor":6},{"key":"FairyPotion","floor":11},{"key":"SkillPotion","floor":16},{"key":"DistilledChaos","floor":24},{"key":"Fire Potion","floor":27},{"key":"PowerPotion","floor":33},{"key":"Weak Potion","floor":35},{"key":"Weak Potion","floor":41},{"key":"Fire Potion","floor":46}],"relics_obtained":[{"key":"MawBank","floor":6},{"key":"Blood Vial","floor":6},{"key":"MealTicket","floor":8},{"key":"Red Skull","floor":8},{"key":"PreservedInsect","floor":9},{"key":"Ancient Tea Set","floor":24},{"key":"Centennial Puzzle","floor":24},{"key":"CaptainsWheel","floor":26},{"key":"Bag of Marbles","floor":27},{"key":"Unceasing Top","floor":27},{"key":"Girya","floor":39},{"key":"Potion Belt","floor":40},{"key":"WingedGreaves","floor":40},{"key":"Mummified Hand","floor":41},{"key":"FossilizedHelix","floor":41},{"key":"Frozen Egg 2","floor":43},{"key":"White Beast Statue","floor":44},{"key":"Letter Opener","floor":44},{"key":"Boot","floor":46},{"key":"Bottled Tornado","floor":46}],"campfire_choices":[{"floor":7,"key":"REST"},{"floor":10,"key":"REST"},{"floor":15,"key":"REST"},{"floor":23,"key":"REST"},{"floor":25,"key":"REST"},{"floor":32,"key":"REST"},{"floor":42,"key":"REST"},{"floor":45,"key":"REST"},{"floor":49,"key":"LIFT","data":"1"}],"circlet_count":0,"win_rate":0,"killed_by":null}