{"play_id":"d3f9f129-beda-4bfc-9596-112e203f278e","build_version":"2020-01-27","seed_played":"-2810683809093868595","chose_seed":false,"seed_source_timestamp":0,"is_daily":false,"special_seed":0,"is_trial":false,"is_endless":false,"is_ascension_mode":true,"ascension_level":2,"neow_bonus":"ONE_RARE_RELIC","neow_cost":"CURSE","is_beta":false,"is_prod":false,"victory":true,"floor_reached":51,"score":909,"timestamp":1724026238,"local_time":"08/19/2024 00:10:38","playtime":2656,"player_experience":33041,"master_deck":["Strike_R","Strike_R","Strike_R","Strike_R","Strike_R+1","Defend_R","Defend_R","Defend_R+1","Defend_R","Bash+1","Clumsy","Searing Blow","Rampage","Perfected Strike","Perfected Strike","Seeing Red","Shockwave+1","Wild Strike","Pain","Cleave","Rage","Double Tap","Clothesline+1","True Grit+1","Heavy Blade+1","Shrug It Off+1","Infernal Blade+1","Clash","Perfected Strike","Demon Form","Armaments+1","Heavy Blade","Madness","Armaments+1","Spot Weakness","Heavy Blade","Seeing Red+1"],"relics":["Black Blood","Shovel","Blood Vial","Red Skull","Bag of Marbles","WarpedTongs","Brimstone","Sozu","Bag of Preparation","Incense Burner","HornCleat","Pocketwatch","Ancient Tea Set","Bronze Scales","War Paint","ClockworkSouvenir","Sundial","Gambling Chip","Gremlin Horn","Lantern"],"gold":143,"campfire_rested":4,"campfire_upgraded":0,"purchased_purges":0,"potions_floor_spawned":[1,8,13,14,16,18,19,21,27,31,38,41,42],"potions_floor_usage":[],"current_hp_per_floor":[72,63,63,63,63,30,54,17,17,25,25,25,19,26,50,17,80,76,68,72,66,66,66,71,67,67,70,60,49,55,46,70,26,80,80,74,64,68,68,68,78,52,52,52,60,60,59,57,80,23],"max_hp_per_floor":[80,80,80,80,80,80,80,80,80,80,80,80,80,80,80,80,80,80,80,80,80,80,80,80,80,80,80,80,80,80,80,80,80,80,80,80,80,80,80,80,80,80,80,80,80,80,80,80,80,80],"gold_per_floor":[116,126,126,79,34,64,64,90,140,160,160,12,32,47,47,150,150,170,188,206,219,179,179,192,219,219,232,257,276,309,329,329,429,429,440,460,460,475,31,31,63,83,83,83,100,100,110,143,143,143],"path_per_floor":["M","M","?","$","$","E","R","E","T","M","?","$","M","M","R","B","ul","M","M","M","M","?","R","M","E","T","M","E","M","E","M","R","B","ul","M","M","?","M","$","R","E","M","T","?","M","?","M","E","R","B",null],"path_taken":["M","M","?","?","$","E","R","E","T","?","?","$","M","?","R","BOSS","M","?","M","M","?","R","M","E","T","M","E","?","E","?","R","BOSS","M","M","?","M","$","R","E","M","T","?","M","?","?","E","R","BOSS"],"items_purchased":["Perfected Strike","Perfected Strike","Brimstone","Bronze Scales","War Paint","ClockworkSouvenir"],"item_purchase_floors":[4,5,12,39,39,39],"items_purged":[],"items_purged_floors":[],"character_chosen":"IRONCLAD","card_choices":[{"picked":"Searing Blow","not_picked":["Armaments","Sword Boomerang"],"floor":1},{"picked":"Rampage","not_picked":["Anger","True Grit"],"floor":2},{"picked":"Seeing Red","not_picked":["Shrug It Off","Corruption"],"floor":6},{"picked":"Shockwave","not_picked":["Twin Strike","Rage"],"floor":8},{"picked":"Wild Strike","not_picked":["Warcry","Sword Boomerang"],"floor":10},{"picked":"Cleave","not_picked":["Hemokinesis","Shrug It Off"],"floor":13},{"picked":"Rage","not_picked":["Headbutt","Perfected Strike"],"floor":14},{"picked":"Double Tap","not_picked":["Offering","Fiend Fire"],"floor":16},{"picked":"Clothesline+1","not_picked":["True Grit","Inflame+1"],"floor":18},{"picked":"True Grit+1","not_picked":["Clothesline","Wild Strike+1"],"floor":19},{"picked":"SKIP","not_picked":["Pommel Strike","True Grit+1","Disarm"],"floor":20},{"picked":"SKIP","not_picked":["Burning Pact","Pommel Strike","Anger"],"floor":21},{"picked":"Heavy Blade+1","not_picked":["True Grit+1","Uppercut"],"floor":24},{"picked":"Shrug It Off+1","not_picked":["Headbutt","Pummel"],"floor":25},{"picked":"SKIP","not_picked":["Entrench","Uppercut","Sword Boomerang"],"floor":27},{"picked":"Infernal Blade+1","not_picked":["Bloodletting+1","Dual Wield"],"floor":28},{"picked":"SKIP","not_picked":["Sword Boomerang","Searing Blow","Burning Pact"],"floor":29},{"picked":"Clash","not_picked":["Offering","Anger"],"floor":30},{"picked":"Perfected Strike","not_picked":["Shockwave","Thunderclap"],"floor":31},{"picked":"Demon Form","not_picked":["Feed","Reaper"],"floor":33},{"picked":"Armaments+1","not_picked":["Battle Trance+1","Clash"],"floor":35},{"picked":"Heavy Blade","not_picked":["Anger+1","Twin Strike"],"floor":36},{"picked":"Armaments+1","not_picked":["Anger","Entrench+1"],"floor":38},{"picked":"Spot Weakness","not_picked":["Rampage+1","Combust+1"],"floor":41},{"picked":"Heavy Blade","not_picked":["Cleave","Sword Boomerang+1"],"floor":42},{"picked":"SKIP","not_picked":["Burning Pact+1","Disarm+1","Wild Strike"],"floor":45},{"picked":"SKIP","not_picked":["Clothesline","True Grit","Sever Soul"],"floor":47},{"picked":"Seeing Red+1","not_picked":["Wild Strike+1","Feed"],"floor":48}],"event_choices":[{"event_name":"Lab","player_choice":"Got Potions","floor":3,"cards_obtained":null,"cards_removed":null,"cards_transformed":null,"cards_upgraded":null,"relics_obtained":null,"potions_obtained":null,"relics_lost":null,"damage_taken":0,"damage_healed":0,"max_hp_loss":0,"max_hp_gain":0,"gold_gain":0,"gold_loss":0},{"event_name":"Accursed Blacksmith","player_choice":"Rummage","floor":11,"cards_obtained":["Pain"],"cards_removed":null,"cards_transformed":null,"cards_upgraded":null,"relics_obtained":["WarpedTongs"],"potions_obtained":null,"relics_lost":null,"damage_taken":0,"damage_healed":0,"max_hp_loss":0,"max_hp_gain":0,"gold_gain":0,"gold_loss":0},{"event_name":"Designer","player_choice":"Upgraded Two","floor":22,"cards_obtained":null,"cards_removed":null,"cards_transformed":null,"cards_upgraded":["Bash","Strike_R"],"relics_obtained":null,"potions_obtained":null,"relics_lost":null,"damage_taken":0,"damage_healed":0,"max_hp_loss":0,"max_hp_gain":0,"gold_gain":0,"gold_loss":40},{"event_name":"Winding Halls","player_choice":"Embrace Madness","floor":37,"cards_obtained":["Madness","Madness"],"cards_removed":null,"cards_transformed":null,"cards_upgraded":null,"relics_obtained":null,"potions_obtained":null,"relics_lost":null,"damage_taken":10,"damage_healed":0,"max_hp_loss":0,"max_hp_gain":0,"gold_gain":0,"gold_loss":0},{"event_name":"Falling","player_choice":"Removed Skill","floor":44,"cards_obtained":null,"cards_removed":["Madness"],"cards_transformed":null,"cards_upgraded":null,"relics_obtained":null,"potions_obtained":null,"relics_lost":null,"damage_taken":0,"damage_healed":0,"max_hp_loss":0,"max_hp_gain":0,"gold_gain":0,"gold_loss":0},{"event_name":"SecretPortal","player_choice":"Ignored","floor":46,"cards_obtained":null,"cards_removed":null,"cards_transformed":null,"cards_upgraded":null,"relics_obtained":null,"potions_obtained":null,"relics_lost":null,"damage_taken":0,"damage_healed":0,"max_hp_loss":0,"max_hp_gain":0,"gold_gain":0,"gold_loss":0}],"boss_relics":[{"picked":"Sozu","not_picked":["Busted Crown","Philosopher's Stone"]},{"picked":"Black Blood","not_picked":["Calling Bell","Mark of Pain"]}],"damage_taken":[{"floor":1,"enemies":"Jaw Worm","damage":14,"turns":5},{"floor":2,"enemies":"Cultist","damage":15,"turns":5},{"floor":6,"enemies":"3 Sentries","damage":39,"turns":7},{"floor":8,"enemies":"Lagavulin","damage":45,"turns":7},{"floor":10,"enemies":"2 Louse","damage":0,"turns":1},{"floor":13,"enemies":"Exordium Wildlife","damage":14,"turns":2},{"floor":14,"enemies":"Lots of Slimes","damage":17,"turns":3},{"floor":16,"enemies":"Hexaghost","damage":53,"turns":5},{"floor":18,"enemies":"Spheric Guardian","damage":10,"turns":3},{"floor":19,"enemies":"Chosen","damage":16,"turns":2},{"floor":20,"enemies":"Shelled Parasite and Fungi","damage":4,"turns":2},{"floor":21,"enemies":"Cultist and Chosen","damage":14,"turns":5},{"floor":24,"enemies":"Snecko","damage":3,"turns":2},{"floor":25,"enemies":"Gremlin Leader","damage":12,"turns":2},{"floor":27,"enemies":"3 Cultists","damage":5,"turns":3},{"floor":28,"enemies":"Slavers","damage":18,"turns":3},{"floor":29,"enemies":"Centurion and Healer","damage":19,"turns":3},{"floor":30,"enemies":"Book of Stabbing","damage":2,"turns":4},{"floor":31,"enemies":"Shelled Parasite and Fungi","damage":17,"turns":3},{"floor":33,"enemies":"Automaton","damage":52,"turns":5},{"floor":35,"enemies":"3 Darklings","damage":12,"turns":4},{"floor":36,"enemies":"3 Shapes","damage":18,"turns":3},{"floor":38,"enemies":"Writhing Mass","damage":10,"turns":4},{"floor":41,"enemies":"Giant Head","damage":4,"turns":5},{"floor":42,"enemies":"4 Shapes","damage":40,"turns":3},{"floor":45,"enemies":"Maw","damage":6,"turns":5},{"floor":47,"enemies":"Transient","damage":15,"turns":5},{"floor":48,"enemies":"Nemesis","damage":16,"turns":4},{"floor":50,"enemies":"Donu and Deca","damage":69,"turns":6}],"potions_obtained":[{"key":"ElixirPotion","floor":1},{"key":"Swift Potion","floor":3},{"key":"Ancient Potion","floor":3},{"key":"EntropicBrew","floor":3},{"key":"DuplicationPotion","floor":8},{"key":"BloodPotion","floor":13},{"key":"ColorlessPotion","floor":14},{"key":"AttackPotion","floor":16}],"relics_obtained":[{"key":"Blood Vial","floor":6},{"key":"Red Skull","floor":8},{"key":"Bag of Marbles","floor":9},{"key":"Bag of Preparation","floor":23},{"key":"Incense Burner","floor":25},{"key":"HornCleat","floor":26},{"key":"Pocketwatch","floor":28},{"key":"Ancient Tea Set","floor":30},{"key":"Sundial","floor":40},{"key":"Gambling Chip","floor":41},{"key":"Gremlin Horn","floor":43},{"key":"Lantern","floor":48}],"campfire_choices":[{"floor":7,"key":"REST"},{"floor":15,"key":"REST"},{"floor":23,"key":"DIG"},{"floor":32,"key":"REST"},{"floor":40,"key":"DIG"},{"floor":49,"key":"REST"}],"circlet_count":0,"win_rate":0,"killed_by":null}