{"play_id":"d19c6a46-17ec-41f2-9562-121c74b7fbc4","build_version":"2020-01-27","seed_played":"-5149422772498855393","chose_seed":false,"seed_source_timestamp":0,"is_daily":false,"special_seed":0,"is_trial":false,"is_endless":false,"is_ascension_mode":true,"ascension_level":5,"neow_bonus":"THREE_ENEMY_KILL","neow_cost":"NONE","is_beta":false,"is_prod":false,"victory":false,"floor_reached":55,"score":1229,"timestamp":1758083547,"local_time":"09/17/2025 04:32:27","playtime":2193,"player_experience":135121,"master_deck":["Strike_R","Strike_R","Strike_R","Defend_R","Defend_R","Defend_R","Defend_R","Bash","Pommel Strike","Flex+1","Inflame","Shrug It Off+1","Flex","Rampage","Reaper","Inflame","Limit Break","Whirlwind+1","Heavy Blade","Heavy Blade","Cleave","Inflame","Spot Weakness+1","Inflame+1","Double Tap","Heavy Blade+1","Heavy Blade+1","Shrug It Off+1"],"relics":["Burning Blood","NeowsBlessing","Art of War","Centennial Puzzle","War Paint","Champion Belt","Vajra","Fusion Hammer","Chemical X","Potion Belt","Eternal Feather","Bag of Marbles","Bottled Flame","Strange Spoon","StoneCalendar","SlaversCollar","Red Mask","Shovel","Old Coin","Bottled Lightning","PreservedInsect","Turnip","Shuriken","Pen Nib","Ancient Tea Set","Anchor","Gremlin Horn","Bag of Preparation"],"gold":74,"campfire_rested":3,"campfire_upgraded":0,"purchased_purges":2,"potions_floor_spawned":[2,6,10,12,23,29,37,38,45],"potions_floor_usage":[55,55],"current_hp_per_floor":[80,80,80,80,77,53,58,80,80,51,51,17,27,27,51,19,65,71,71,71,71,69,80,80,80,80,80,80,80,80,80,80,22,66,74,74,80,80,80,80,80,80,80,80,80,80,80,80,80,57,74,80,80,80,0],"max_hp_per_floor":[80,80,80,80,80,80,80,80,80,80,80,80,80,80,80,80,80,80,80,80,80,80,80,80,80,80,80,80,80,80,80,80,80,80,80,80,80,80,80,80,80,80,80,80,80,80,80,80,80,80,80,80,80,80,80],"gold_per_floor":[118,132,232,242,242,271,286,286,310,343,363,395,406,417,417,522,522,542,542,642,216,234,267,291,291,291,46,46,58,88,99,99,198,198,217,0,20,70,424,450,450,478,505,48,79,79,90,90,90,90,90,90,42,74,74],"path_per_floor":["M","M","?","M","?","E","M","R","T","E","M","E","M","M","R","B","ul","M","?","?","$","M","E","T","R","T","$","$","M","E","M","R","B","ul","M","?","M","?","?","E","R","E","T","$","E","?","M","$","R","B","ul","R","$","E","B"],"path_taken":["M","?","?","?","?","E","M","R","T","E","M","E","M","M","R","BOSS","M","?","?","$","?","E","?","R","T","?","$","M","E","M","R","BOSS","M","?","M","?","?","E","R","E","T","?","E","?","?","$","R","BOSS","R","$","E","BOSS"],"items_purchased":["Chemical X","Heavy Blade","Potion Belt","Strange Spoon","Shuriken","Pen Nib","AttackPotion","Energy Potion"],"item_purchase_floors":[21,21,21,27,44,44,44,53],"items_purged":["Strike_R","Strike_R"],"items_purged_floors":[21,27],"character_chosen":"IRONCLAD","card_choices":[{"picked":"Pommel Strike","not_picked":["Headbutt","Armaments"],"floor":1},{"picked":"Flex","not_picked":["Body Slam","True Grit"],"floor":2},{"picked":"Inflame","not_picked":["Metallicize","Warcry"],"floor":4},{"picked":"Shrug It Off","not_picked":["True Grit","Reckless Charge"],"floor":6},{"picked":"Flex","not_picked":["Entrench","True Grit"],"floor":7},{"picked":"Clothesline","not_picked":["Warcry","Battle Trance"],"floor":10},{"picked":"Rampage","not_picked":["Offering","Clothesline"],"floor":11},{"picked":"SKIP","not_picked":["Iron Wave","Armaments","Second Wind"],"floor":12},{"picked":"Reaper","not_picked":["Cleave","Flex"],"floor":13},{"picked":"Inflame","not_picked":["Pommel Strike","Clash"],"floor":14},{"picked":"Limit Break","not_picked":["Brutality","Exhume"],"floor":16},{"picked":"Whirlwind+1","not_picked":["Havoc","Twin Strike"],"floor":18},{"picked":"Heavy Blade","not_picked":["Shrug It Off","Twin Strike"],"floor":22},{"picked":"Cleave","not_picked":["Rupture","Bloodletting"],"floor":23},{"picked":"SKIP","not_picked":["Anger","Twin Strike","Bloodletting"],"floor":29},{"picked":"SKIP","not_picked":["Evolve+1","Twin Strike","Blood for Blood"],"floor":30},{"picked":"Inflame","not_picked":["Iron Wave","Barricade"],"floor":31},{"picked":"Spot Weakness+1","not_picked":["Feel No Pain","Heavy Blade"],"floor":35},{"picked":"SKIP","not_picked":["Warcry+1","True Grit+1","Entrench+1"],"floor":37},{"picked":"Inflame+1","not_picked":["Burning Pact","Armaments+1"],"floor":38},{"picked":"Double Tap","not_picked":["Cleave+1","Headbutt+1"],"floor":39},{"picked":"SKIP","not_picked":["Burning Pact","Sword Boomerang+1","Fire Breathing+1"],"floor":40},{"picked":"Heavy Blade+1","not_picked":["Sentinel+1","Sword Boomerang+1"],"floor":42},{"picked":"Heavy Blade+1","not_picked":["Iron Wave+1","Thunderclap+1"],"floor":45},{"picked":"SKIP","not_picked":["Reaper","Reckless Charge","Dark Embrace+1"],"floor":47},{"picked":"Shrug It Off+1","not_picked":["Shockwave","Dropkick+1"],"floor":54}],"event_choices":[{"event_name":"Golden Shrine","player_choice":"Pray","floor":3,"cards_obtained":null,"cards_removed":null,"cards_transformed":null,"cards_upgraded":null,"relics_obtained":null,"potions_obtained":null,"relics_lost":null,"damage_taken":0,"damage_healed":0,"max_hp_loss":0,"max_hp_gain":0,"gold_gain":100,"gold_loss":0},{"event_name":"Scrap Ooze","player_choice":"Success","floor":5,"cards_obtained":null,"cards_removed":null,"cards_transformed":null,"cards_upgraded":null,"relics_obtained":["Art of War"],"potions_obtained":null,"relics_lost":null,"damage_taken":3,"damage_healed":0,"max_hp_loss":0,"max_hp_gain":0,"gold_gain":0,"gold_loss":0},{"event_name":"Ghosts","player_choice":"Ignored","floor":19,"cards_obtained":null,"cards_removed":null,"cards_transformed":null,"cards_upgraded":null,"relics_obtained":null,"potions_obtained":null,"relics_lost":null,"damage_taken":0,"damage_healed":0,"max_hp_loss":0,"max_hp_gain":0,"gold_gain":0,"gold_loss":0},{"event_name":"Golden Shrine","player_choice":"Pray","floor":20,"cards_obtained":null,"cards_removed":null,"cards_transformed":null,"cards_upgraded":null,"relics_obtained":null,"potions_obtained":null,"relics_lost":null,"damage_taken":0,"damage_healed":0,"max_hp_loss":0,"max_hp_gain":0,"gold_gain":100,"gold_loss":0},{"event_name":"Tomb of Lord Red Mask","player_choice":"Paid","floor":36,"cards_obtained":null,"cards_removed":null,"cards_transformed":null,"cards_upgraded":null,"relics_obtained":["Red Mask"],"potions_obtained":null,"relics_lost":null,"damage_taken":0,"damage_healed":0,"max_hp_loss":0,"max_hp_gain":0,"gold_gain":0,"gold_loss":217},{"event_name":"MindBloom","player_choice":"Fight","floor":38,"cards_obtained":null,"cards_removed":null,"cards_transformed":null,"cards_upgraded":null,"relics_obtained":null,"potions_obtained":null,"relics_lost":null,"damage_taken":0,"damage_healed":0,"max_hp_loss":0,"max_hp_gain":0,"gold_gain":0,"gold_loss":0},{"event_name":"Mysterious Sphere","player_choice":"Fight","floor":39,"cards_obtained":null,"cards_removed":null,"cards_transformed":null,"cards_upgraded":null,"relics_obtained":null,"potions_obtained":null,"relics_lost":null,"damage_taken":0,"damage_healed":0,"max_hp_loss":0,"max_hp_gain":0,"gold_gain":0,"gold_loss":0},{"event_name":"Falling","player_choice":"Removed Attack","floor":46,"cards_obtained":null,"cards_removed":["Clothesline"],"cards_transformed":null,"cards_upgraded":null,"relics_obtained":null,"potions_obtained":null,"relics_lost":null,"damage_taken":0,"damage_healed":0,"max_hp_loss":0,"max_hp_gain":0,"gold_gain":0,"gold_loss":0}],"boss_relics":[{"picked":"Fusion Hammer","not_picked":["Snecko Eye","Tiny House"]},{"picked":"SlaversCollar","not_picked":["Cursed Key","Runic Pyramid"]}],"damage_taken":[{"floor":1,"enemies":"Cultist","damage":0,"turns":1},{"floor":2,"enemies":"2 Louse","damage":0,"turns":1},{"floor":4,"enemies":"Small Slimes","damage":0,"turns":1},{"floor":6,"enemies":"Lagavulin","damage":30,"turns":7},{"floor":7,"enemies":"2 Fungi Beasts","damage":1,"turns":4},{"floor":10,"enemies":"3 Sentries","damage":35,"turns":8},{"floor":11,"enemies":"Blue Slaver","damage":6,"turns":3},{"floor":12,"enemies":"Lagavulin","damage":40,"turns":7},{"floor":13,"enemies":"Lots of Slimes","damage":10,"turns":5},{"floor":14,"enemies":"Exordium Thugs","damage":28,"turns":5},{"floor":16,"enemies":"Hexaghost","damage":49,"turns":11},{"floor":18,"enemies":"Spheric Guardian","damage":0,"turns":3},{"floor":22,"enemies":"Chosen","damage":8,"turns":2},{"floor":23,"enemies":"Gremlin Leader","damage":30,"turns":4},{"floor":29,"enemies":"Snake Plant","damage":0,"turns":1},{"floor":30,"enemies":"Slavers","damage":0,"turns":1},{"floor":31,"enemies":"Sentry and Sphere","damage":0,"turns":2},{"floor":33,"enemies":"Automaton","damage":86,"turns":7},{"floor":35,"enemies":"3 Shapes","damage":16,"turns":1},{"floor":37,"enemies":"3 Darklings","damage":0,"turns":1},{"floor":38,"enemies":"Mind Bloom Boss Battle","damage":0,"turns":3},{"floor":39,"enemies":"2 Orb Walkers","damage":12,"turns":2},{"floor":40,"enemies":"Nemesis","damage":10,"turns":3},{"floor":42,"enemies":"Giant Head","damage":9,"turns":3},{"floor":45,"enemies":"Reptomancer","damage":0,"turns":1},{"floor":47,"enemies":"Maw","damage":3,"turns":4},{"floor":50,"enemies":"Awakened One","damage":29,"turns":4},{"floor":54,"enemies":"Shield and Spear","damage":0,"turns":1},{"floor":55,"enemies":"The Heart","damage":106,"turns":5}],"potions_obtained":[{"key":"FairyPotion","floor":2},{"key":"Block Potion","floor":6},{"key":"AttackPotion","floor":10},{"key":"Regen Potion","floor":12},{"key":"Fire Potion","floor":23},{"key":"Dexterity Potion","floor":29},{"key":"HeartOfIron","floor":37},{"key":"EssenceOfSteel","floor":38},{"key":"Block Potion","floor":45}],"relics_obtained":[{"key":"Centennial Puzzle","floor":6},{"key":"War Paint","floor":9},{"key":"Champion Belt","floor":10},{"key":"Vajra","floor":12},{"key":"Eternal Feather","floor":23},{"key":"Bag of Marbles","floor":24},{"key":"Bottled Flame","floor":26},{"key":"StoneCalendar","floor":30},{"key":"Shovel","floor":38},{"key":"Old Coin","floor":39},{"key":"Bottled Lightning","floor":40},{"key":"PreservedInsect","floor":41},{"key":"Turnip","floor":42},{"key":"Ancient Tea Set","floor":45},{"key":"Anchor","floor":49},{"key":"Gremlin Horn","floor":52},{"key":"Bag of Preparation","floor":54}],"campfire_choices":[{"floor":8,"key":"REST"},{"floor":15,"key":"REST"},{"floor":25,"key":"RECALL"},{"floor":32,"key":"REST"},{"floor":41,"key":"DIG"},{"floor":49,"key":"DIG"},{"floor":52,"key":"DIG"}],"circlet_count":0,"win_rate":0,"killed_by":"The Heart"}