{"play_id":"06eb9a45-a9b2-42b2-9162-12f92fe077ad","build_version":"2020-01-27","seed_played":"-2330753350635603011","chose_seed":false,"seed_source_timestamp":6331472191540,"is_daily":false,"special_seed":null,"is_trial":false,"is_endless":false,"is_ascension_mode":true,"ascension_level":5,"neow_bonus":"ONE_RARE_RELIC","neow_cost":"TEN_PERCENT_HP_LOSS","is_beta":false,"is_prod":false,"victory":false,"floor_reached":10,"score":95,"timestamp":1758081078,"local_time":"09/17/2025 03:51:18","playtime":460,"player_experience":134661,"master_deck":["Strike_R","Strike_R","Strike_R","Strike_R","Strike_R","Defend_R","Defend_R","Defend_R","Defend_R","Bash","Uppercut","True Grit","Ghostly Armor","Limit Break","Cleave"],"relics":["Burning Blood","WingedGreaves","Golden Idol","Gremlin Horn","MealTicket","Dream Catcher"],"gold":258,"campfire_rested":1,"campfire_upgraded":0,"purchased_purges":0,"potions_floor_spawned":[1,5,8],"potions_floor_usage":[6,8],"current_hp_per_floor":[72,59,41,65,67,45,66,37,37,0],"max_hp_per_floor":[72,72,72,72,72,72,72,72,72,72],"gold_per_floor":[110,125,125,125,139,172,172,205,258,258],"path_per_floor":["M","M","?","?","M","E","R","E","T","E"],"path_taken":["M","?","?","?","M","E","R","E","T","E"],"items_purchased":[],"item_purchase_floors":[],"items_purged":[],"items_purged_floors":[],"character_chosen":"IRONCLAD","card_choices":[{"picked":"Uppercut","not_picked":["Thunderclap","Sword Boomerang"],"floor":1},{"picked":"True Grit","not_picked":["Clash","Dark Embrace"],"floor":2},{"picked":"Ghostly Armor","not_picked":["Havoc","Clash"],"floor":5},{"picked":"Limit Break","not_picked":["Clash","Pommel Strike"],"floor":6},{"picked":"Cleave","not_picked":["Headbutt","True Grit"],"floor":8}],"event_choices":[{"event_name":"Golden Idol","player_choice":"Take Damage","floor":3,"cards_obtained":null,"cards_removed":null,"cards_transformed":null,"cards_upgraded":null,"relics_obtained":["Golden Idol"],"potions_obtained":null,"relics_lost":null,"damage_taken":18,"damage_healed":0,"max_hp_loss":0,"max_hp_gain":0,"gold_gain":0,"gold_loss":0},{"event_name":"Big Fish","player_choice":"Banana","floor":4,"cards_obtained":null,"cards_removed":null,"cards_transformed":null,"cards_upgraded":null,"relics_obtained":null,"potions_obtained":null,"relics_lost":null,"damage_taken":0,"damage_healed":24,"max_hp_loss":0,"max_hp_gain":0,"gold_gain":0,"gold_loss":0}],"boss_relics":[],"damage_taken":[{"floor":1,"enemies":"Cultist","damage":1,"turns":4},{"floor":2,"enemies":"Small Slimes","damage":19,"turns":4},{"floor":5,"enemies":"2 Louse","damage":4,"turns":3},{"floor":6,"enemies":"Lagavulin","damage":28,"turns":8},{"floor":8,"enemies":"3 Sentries","damage":35,"turns":7},{"floor":10,"enemies":"Gremlin Nob","damage":39,"turns":4}],"potions_obtained":[{"key":"SteroidPotion","floor":1},{"key":"ColorlessPotion","floor":5},{"key":"SpeedPotion","floor":8}],"relics_obtained":[{"key":"Gremlin Horn","floor":6},{"key":"MealTicket","floor":8},{"key":"Dream Catcher","floor":9}],"campfire_choices":[{"floor":7,"key":"REST"}],"circlet_count":0,"win_rate":0,"killed_by":"Gremlin Nob"}